{ "_id" : { "$oid" : "60bb8283b375e2292a8d70f7" }, "adult" : false, "belongs_to_collection" : { "id" : 10194, "name" : "Toy Story Collection" }, "budget" : 30000000, "genres" : [ { "id" : 16, "name" : "Animation" }, { "id" : 35, "name" : "Comedy" }, { "id" : 10751, "name" : "Family" } ], "id" : 862, "original_language" : "en", "original_title" : "Toy Story", "popularity" : 21.946943, "production_companies" : [ { "name" : "Pixar Animation Studios", "id" : 3 } ], "revenue" : 373554033, "runtime" : 81, "spoken_languages" : [ { "iso_639_1" : "en", "name" : "English" } ], "status" : "Released", "tagline" : 0, "title" : "Toy Story", "video" : "False", "vote_average" : 7.7, "vote_count" : 5415, "releasedate" : { "$date" : "1995-10-29T23:00:00.000+0000" } }
{ "_id" : { "$oid" : "60bb8283b375e2292a8d7115" }, "adult" : true, "belongs_to_collection" : { "id" : 645, "name" : "James Bond Collection" }, "budget" : 58000000, "genres" : [ { "id" : 12, "name" : "Adventure" }, { "id" : 28, "name" : "Action" }, { "id" : 53, "name" : "Thriller" } ], "id" : 710, "original_language" : "en", "original_title" : "GoldenEye", "popularity" : 14.686036, "production_companies" : [ { "name" : "United Artists", "id" : 60 }, { "name" : "Eon Productions", "id" : 7576 } ], "revenue" : 352194034, "runtime" : 130, "spoken_languages" : [ { "iso_639_1" : "en", "name" : "English" }, { "iso_639_1" : "ru", "name" : "Pусский" }, { "iso_639_1" : "es", "name" : "Español" } ], "status" : "Released", "tagline" : "No limits. No fears. No substitutes.", "title" : "GoldenEye", "video" : "False", "vote_average" : 6.6, "vote_count" : 1194, "releasedate" : { "$date" : "1995-11-16T00:00:00.000+0000" } }
{ "_id" : { "$oid" : "60bb8283b375e2292a8d7509" }, "adult" : false, "belongs_to_collection" : { "id" : 10, "name" : "Star Wars Collection" }, "budget" : 11000000, "genres" : [ { "id" : 12, "name" : "Adventure" }, { "id" : 28, "name" : "Action" }, { "id" : 878, "name" : "Science Fiction" } ], "id" : 11, "original_language" : "en", "original_title" : "Star Wars", "popularity" : 42.149697, "production_companies" : [ { "name" : "Lucasfilm", "id" : 1 }, { "name" : "Twentieth Century Fox Film Corporation", "id" : 306 } ], "revenue" : 775398007, "runtime" : 121, "spoken_languages" : [ { "iso_639_1" : "en", "name" : "English" } ], "status" : "Released", "tagline" : "A long time ago in a galaxy far, far away...", "title" : "Star Wars", "video" : "False", "vote_average" : 8.1, "vote_count" : 6778, "releasedate" : { "$date" : "1977-05-17T00:00:00.000+0000" } }
{ "_id" : { "$oid" : "60bb8283b375e2292a8d7a6f" }, "adult" : false, "belongs_to_collection" : { "id" : 9888, "name" : "Home Alone Collection" }, "budget" : 18000000, "genres" : [ { "id" : 35, "name" : "Comedy" }, { "id" : 10751, "name" : "Family" } ], "id" : 771, "original_language" : "en", "original_title" : "Home Alone", "popularity" : 0.702543, "production_companies" : [ { "name" : "Twentieth Century Fox Film Corporation", "id" : 306 }, { "name" : "Hughes Entertainment", "id" : 477 } ], "revenue" : 476684675, "runtime" : 103, "spoken_languages" : [ { "iso_639_1" : "en", "name" : "English" } ], "status" : "Released", "tagline" : "A Family Comedy Without the Family.", "title" : "Home Alone", "video" : "False", "vote_average" : 7.1, "vote_count" : 2487, "releasedate" : { "$date" : "1990-11-09T00:00:00.000+0000" } }
{ "_id" : { "$oid" : "60bb8283b375e2292a8d82bc" }, "adult" : false, "belongs_to_collection" : { "id" : 10, "name" : "Star Wars Collection" }, "budget" : 18000000, "genres" : [ { "id" : 12, "name" : "Adventure" }, { "id" : 28, "name" : "Action" }, { "id" : 878, "name" : "Science Fiction" } ], "id" : 1891, "original_language" : "en", "original_title" : "The Empire Strikes Back", "popularity" : 19.470959, "production_companies" : [ { "name" : "Lucasfilm", "id" : 1 }, { "name" : "Twentieth Century Fox Film Corporation", "id" : 306 } ], "revenue" : 538400000, "runtime" : 124, "spoken_languages" : [ { "iso_639_1" : "en", "name" : "English" } ], "status" : "Released", "tagline" : "The Adventure Continues...", "title" : "The Empire Strikes Back", "video" : "False", "vote_average" : 8.2, "vote_count" : 5998, "releasedate" : { "$date" : "1980-05-17T00:00:00.000+0000" } }
{ "_id" : { "$oid" : "60bb8283b375e2292a8d82c2" }, "adult" : false, "belongs_to_collection" : { "id" : 84, "name" : "Indiana Jones Collection" }, "budget" : 18000000, "genres" : [ { "id" : 12, "name" : "Adventure" }, { "id" : 28, "name" : "Action" } ], "id" : 85, "original_language" : "en", "original_title" : "Raiders of the Lost Ark", "popularity" : 19.901576, "production_companies" : [ { "name" : "Lucasfilm", "id" : 1 }, { "name" : "Paramount Pictures", "id" : 4 } ], "revenue" : 389925971, "runtime" : 115, "spoken_languages" : [ { "iso_639_1" : "en", "name" : "English" }, { "iso_639_1" : "es", "name" : "Español" }, { "iso_639_1" : "de", "name" : "Deutsch" }, { "iso_639_1" : "he", "name" : "עִבְרִית" }, { "iso_639_1" : "ar", "name" : "العربية" }, { "iso_639_1" : "ne", "name" : "" } ], "status" : "Released", "tagline" : "Indiana Jones - the new hero from the creators of JAWS and STAR WARS.", "title" : "Raiders of the Lost Ark", "video" : "False", "vote_average" : 7.7, "vote_count" : 3949, "releasedate" : { "$date" : "1981-06-12T00:00:00.000+0000" } }
{ "_id" : { "$oid" : "60bb8283b375e2292a8d82ee" }, "adult" : false, "belongs_to_collection" : { "id" : 10, "name" : "Star Wars Collection" }, "budget" : 32350000, "genres" : [ { "id" : 12, "name" : "Adventure" }, { "id" : 28, "name" : "Action" }, { "id" : 878, "name" : "Science Fiction" } ], "id" : 1892, "original_language" : "en", "original_title" : "Return of the Jedi", "popularity" : 14.586087, "production_companies" : [ { "name" : "Lucasfilm", "id" : 1 }, { "name" : "Twentieth Century Fox Film Corporation", "id" : 306 } ], "revenue" : 572700000, "runtime" : 135, "spoken_languages" : [ { "iso_639_1" : "en", "name" : "English" } ], "status" : "Released", "tagline" : "The Empire Falls...", "title" : "Return of the Jedi", "video" : "False", "vote_average" : 7.9, "vote_count" : 4763, "releasedate" : { "$date" : "1983-05-23T00:00:00.000+0000" } }
{ "_id" : { "$oid" : "60bb8283b375e2292a8d8343" }, "adult" : false, "belongs_to_collection" : { "id" : 264, "name" : "Back to the Future Collection" }, "budget" : 19000000, "genres" : [ { "id" : 12, "name" : "Adventure" }, { "id" : 35, "name" : "Comedy" }, { "id" : 878, "name" : "Science Fiction" }, { "id" : 10751, "name" : "Family" } ], "id" : 105, "original_language" : "en", "original_title" : "Back to the Future", "popularity" : 25.778509, "production_companies" : [ { "name" : "Universal Pictures", "id" : 33 }, { "name" : "Amblin Entertainment", "id" : 56 }, { "name" : "U-Drive Productions", "id" : 20448 } ], "revenue" : 381109762, "runtime" : 116, "spoken_languages" : [ { "iso_639_1" : "en", "name" : "English" } ], "status" : "Released", "tagline" : "He's the only kid ever to get into trouble before he was born.", "title" : "Back to the Future", "video" : "False", "vote_average" : 8, "vote_count" : 6239, "releasedate" : { "$date" : "1985-07-03T00:00:00.000+0000" } }
{ "_id" : { "$oid" : "60bb8283b375e2292a8d8361" }, "adult" : false, "belongs_to_collection" : { "id" : 84, "name" : "Indiana Jones Collection" }, "budget" : 48000000, "genres" : [ { "id" : 12, "name" : "Adventure" }, { "id" : 28, "name" : "Action" } ], "id" : 89, "original_language" : "en", "original_title" : "Indiana Jones and the Last Crusade", "popularity" : 14.788987, "production_companies" : [ { "name" : "Lucasfilm", "id" : 1 }, { "name" : "Paramount Pictures", "id" : 4 } ], "revenue" : 474171806, "runtime" : 127, "spoken_languages" : [ { "iso_639_1" : "de", "name" : "Deutsch" }, { "iso_639_1" : "el", "name" : "ελληνικά" }, { "iso_639_1" : "en", "name" : "English" } ], "status" : "Released", "tagline" : "The man with the hat is back. And this time, he's bringing his Dad.", "title" : "Indiana Jones and the Last Crusade", "video" : "False", "vote_average" : 7.6, "vote_count" : 3221, "releasedate" : { "$date" : "1989-05-24T00:00:00.000+0000" } }
{ "_id" : { "$oid" : "60bb8283b375e2292a8d8572" }, "adult" : false, "belongs_to_collection" : { "id" : 9888, "name" : "Home Alone Collection" }, "budget" : 32000000, "genres" : [ { "id" : 35, "name" : "Comedy" }, { "id" : 10751, "name" : "Family" } ], "id" : 9714, "original_language" : "en", "original_title" : "Home Alone 3", "popularity" : 8.04209, "production_companies" : [ { "name" : "Twentieth Century Fox Film Corporation", "id" : 306 }, { "name" : "Hughes Entertainment", "id" : 477 } ], "revenue" : 79082515, "runtime" : 102, "spoken_languages" : [ { "iso_639_1" : "pl", "name" : "Polski" }, { "iso_639_1" : "en", "name" : "English" } ], "status" : "Released", "tagline" : "Ready for more. Much more.", "title" : "Home Alone 3", "video" : "False", "vote_average" : 5.1, "vote_count" : 632, "releasedate" : { "$date" : "1997-12-12T00:00:00.000+0000" } }
{ "_id" : { "$oid" : "60bb8283b375e2292a8d8582" }, "adult" : true, "belongs_to_collection" : { "id" : 645, "name" : "James Bond Collection" }, "budget" : 110000000, "genres" : [ { "id" : 12, "name" : "Adventure" }, { "id" : 28, "name" : "Action" }, { "id" : 53, "name" : "Thriller" } ], "id" : 714, "original_language" : "en", "original_title" : "Tomorrow Never Dies", "popularity" : 17.159576, "production_companies" : [ { "name" : "Eon Productions", "id" : 7576 } ], "revenue" : 333011068, "runtime" : 119, "spoken_languages" : [ { "iso_639_1" : "de", "name" : "Deutsch" }, { "iso_639_1" : "en", "name" : "English" }, { "iso_639_1" : "da", "name" : "Dansk" }, { "iso_639_1" : "zh", "name" : "普通话" }, { "iso_639_1" : "cn", "name" : "广州话 / 廣州話" } ], "status" : "Released", "tagline" : "Yesterday is a memory. Today is history. Tomorrow is in the hands of one man.", "title" : "Tomorrow Never Dies", "video" : "False", "vote_average" : 6, "vote_count" : 941, "releasedate" : { "$date" : "1997-12-11T00:00:00.000+0000" } }
{ "_id" : { "$oid" : "60bb8283b375e2292a8d86f3" }, "adult" : false, "belongs_to_collection" : { "id" : 264, "name" : "Back to the Future Collection" }, "budget" : 40000000, "genres" : [ { "id" : 12, "name" : "Adventure" }, { "id" : 35, "name" : "Comedy" }, { "id" : 10751, "name" : "Family" }, { "id" : 878, "name" : "Science Fiction" } ], "id" : 165, "original_language" : "en", "original_title" : "Back to the Future Part II", "popularity" : 13.689855, "production_companies" : [ { "name" : "Universal Pictures", "id" : 33 }, { "name" : "Amblin Entertainment", "id" : 56 }, { "name" : "U-Drive Productions", "id" : 20448 } ], "revenue" : 332000000, "runtime" : 108, "spoken_languages" : [ { "iso_639_1" : "en", "name" : "English" } ], "status" : "Released", "tagline" : "Roads? Where we're going, we don't need roads!", "title" : "Back to the Future Part II", "video" : "False", "vote_average" : 7.4, "vote_count" : 3926, "releasedate" : { "$date" : "1989-11-20T00:00:00.000+0000" } }
{ "_id" : { "$oid" : "60bb8283b375e2292a8d86f4" }, "adult" : false, "belongs_to_collection" : { "id" : 264, "name" : "Back to the Future Collection" }, "budget" : 40000000, "genres" : [ { "id" : 12, "name" : "Adventure" }, { "id" : 35, "name" : "Comedy" }, { "id" : 10751, "name" : "Family" }, { "id" : 878, "name" : "Science Fiction" } ], "id" : 196, "original_language" : "en", "original_title" : "Back to the Future Part III", "popularity" : 13.043999, "production_companies" : [ { "name" : "Universal Pictures", "id" : 33 }, { "name" : "Amblin Entertainment", "id" : 56 }, { "name" : "U-Drive Productions", "id" : 20448 } ], "revenue" : 244527583, "runtime" : 118, "spoken_languages" : [ { "iso_639_1" : "en", "name" : "English" } ], "status" : "Released", "tagline" : "They've saved the best trip for last... But this time they may have gone too far.", "title" : "Back to the Future Part III", "video" : "False", "vote_average" : 7.1, "vote_count" : 2978, "releasedate" : { "$date" : "1990-05-25T00:00:00.000+0000" } }
{ "_id" : { "$oid" : "60bb8283b375e2292a8d8772" }, "adult" : false, "belongs_to_collection" : { "id" : 84, "name" : "Indiana Jones Collection" }, "budget" : 28000000, "genres" : [ { "id" : 12, "name" : "Adventure" }, { "id" : 28, "name" : "Action" } ], "id" : 87, "original_language" : "en", "original_title" : "Indiana Jones and the Temple of Doom", "popularity" : 15.802306, "production_companies" : [ { "name" : "Lucasfilm", "id" : 1 }, { "name" : "Paramount Pictures", "id" : 4 } ], "revenue" : 333000000, "runtime" : 118, "spoken_languages" : [ { "iso_639_1" : "en", "name" : "English" }, { "iso_639_1" : "si", "name" : "" } ], "status" : "Released", "tagline" : "If adventure has a name... it must be Indiana Jones.", "title" : "Indiana Jones and the Temple of Doom", "video" : "False", "vote_average" : 7.1, "vote_count" : 2841, "releasedate" : { "$date" : "1984-05-23T00:00:00.000+0000" } }
{ "_id" : { "$oid" : "60bb8283b375e2292a8d88cd" }, "adult" : true, "belongs_to_collection" : { "id" : 645, "name" : "James Bond Collection" }, "budget" : 30000000, "genres" : [ { "id" : 12, "name" : "Adventure" }, { "id" : 28, "name" : "Action" }, { "id" : 53, "name" : "Thriller" } ], "id" : 707, "original_language" : "en", "original_title" : "A View to a Kill", "popularity" : 12.840798, "production_companies" : [ { "name" : "Eon Productions", "id" : 7576 } ], "revenue" : 152427960, "runtime" : 131, "spoken_languages" : [ { "iso_639_1" : "en", "name" : "English" } ], "status" : "Released", "tagline" : "Has James Bond finally met his match?", "title" : "A View to a Kill", "video" : "False", "vote_average" : 6, "vote_count" : 515, "releasedate" : { "$date" : "1985-05-24T00:00:00.000+0000" } }
{ "_id" : { "$oid" : "60bb8283b375e2292a8d8a25" }, "adult" : false, "belongs_to_collection" : { "id" : 10, "name" : "Star Wars Collection" }, "budget" : 115000000, "genres" : [ { "id" : 12, "name" : "Adventure" }, { "id" : 28, "name" : "Action" }, { "id" : 878, "name" : "Science Fiction" } ], "id" : 1893, "original_language" : "en", "original_title" : "Star Wars: Episode I - The Phantom Menace", "popularity" : 15.649091, "production_companies" : [ { "name" : "Lucasfilm", "id" : 1 } ], "revenue" : 924317558, "runtime" : 136, "spoken_languages" : [ { "iso_639_1" : "en", "name" : "English" } ], "status" : "Released", "tagline" : "Every generation has a legend. Every journey has a first step. Every saga has a beginning.", "title" : "Star Wars: Episode I - The Phantom Menace", "video" : "False", "vote_average" : 6.4, "vote_count" : 4526, "releasedate" : { "$date" : "1999-05-19T00:00:00.000+0000" } }
{ "_id" : { "$oid" : "60bb8283b375e2292a8d8be1" }, "adult" : true, "belongs_to_collection" : { "id" : 645, "name" : "James Bond Collection" }, "budget" : 2500000, "genres" : [ { "id" : 12, "name" : "Adventure" }, { "id" : 28, "name" : "Action" }, { "id" : 53, "name" : "Thriller" } ], "id" : 658, "original_language" : "en", "original_title" : "Goldfinger", "popularity" : 13.78884, "production_companies" : [ { "name" : "United Artists", "id" : 60 }, { "name" : "Eon Productions", "id" : 7576 }, { "name" : "Danjaq", "id" : 10761 } ], "revenue" : 124881062, "runtime" : 110, "spoken_languages" : [ { "iso_639_1" : "zh", "name" : "普通话" }, { "iso_639_1" : "en", "name" : "English" }, { "iso_639_1" : "es", "name" : "Español" } ], "status" : "Released", "tagline" : "Everything he touches turns into excitement!", "title" : "Goldfinger", "video" : "False", "vote_average" : 7.2, "vote_count" : 1005, "releasedate" : { "$date" : "1964-09-17T00:00:00.000+0000" } }
{ "_id" : { "$oid" : "60bb8283b375e2292a8d8be3" }, "adult" : true, "belongs_to_collection" : { "id" : 645, "name" : "James Bond Collection" }, "budget" : 2000000, "genres" : [ { "id" : 28, "name" : "Action" }, { "id" : 53, "name" : "Thriller" }, { "id" : 12, "name" : "Adventure" } ], "id" : 657, "original_language" : "en", "original_title" : "From Russia with Love", "popularity" : 12.536729, "production_companies" : [ { "name" : "United Artists", "id" : 60 }, { "name" : "Eon Productions", "id" : 7576 }, { "name" : "Danjaq", "id" : 10761 } ], "revenue" : 78898765, "runtime" : 115, "spoken_languages" : [ { "iso_639_1" : "en", "name" : "English" }, { "iso_639_1" : "ru", "name" : "Pусский" }, { "iso_639_1" : "tr", "name" : "Türkçe" }, { "iso_639_1" : "ro", "name" : "Română" } ], "status" : "Released", "tagline" : "The world's masters of murder pull out all the stops to destroy Agent 007!", "title" : "From Russia with Love", "video" : "False", "vote_average" : 6.9, "vote_count" : 773, "releasedate" : { "$date" : "1963-10-11T00:00:00.000+0000" } }
{ "_id" : { "$oid" : "60bb8283b375e2292a8d8be4" }, "adult" : true, "belongs_to_collection" : { "id" : 645, "name" : "James Bond Collection" }, "budget" : 950000, "genres" : [ { "id" : 12, "name" : "Adventure" }, { "id" : 28, "name" : "Action" }, { "id" : 53, "name" : "Thriller" } ], "id" : 646, "original_language" : "en", "original_title" : "Dr. No", "popularity" : 19.931606, "production_companies" : [ { "name" : "United Artists", "id" : 60 }, { "name" : "Eon Productions", "id" : 7576 } ], "revenue" : 59600000, "runtime" : 110, "spoken_languages" : [ { "iso_639_1" : "en", "name" : "English" }, { "iso_639_1" : "fr", "name" : "Français" } ], "status" : "Released", "tagline" : "NOW meet the most extraordinary gentleman spy in all fiction!", "title" : "Dr. No", "video" : "False", "vote_average" : 6.9, "vote_count" : 953, "releasedate" : { "$date" : "1962-10-04T00:00:00.000+0000" } }
{ "_id" : { "$oid" : "60bb8283b375e2292a8d8be9" }, "adult" : false, "belongs_to_collection" : { "id" : 9888, "name" : "Home Alone Collection" }, "budget" : 18000000, "genres" : [ { "id" : 35, "name" : "Comedy" }, { "id" : 10751, "name" : "Family" }, { "id" : 12, "name" : "Adventure" }, { "id" : 80, "name" : "Crime" } ], "id" : 772, "original_language" : "en", "original_title" : "Home Alone 2: Lost in New York", "popularity" : 13.293722, "production_companies" : [ { "name" : "Twentieth Century Fox Film Corporation", "id" : 306 }, { "name" : "Hughes Entertainment", "id" : 477 } ], "revenue" : 358991681, "runtime" : 120, "spoken_languages" : [ { "iso_639_1" : "en", "name" : "English" }, { "iso_639_1" : "fr", "name" : "Français" } ], "status" : "Released", "tagline" : "He's up past his bedtime in the city that never sleeps.", "title" : "Home Alone 2: Lost in New York", "video" : "False", "vote_average" : 6.3, "vote_count" : 2459, "releasedate" : { "$date" : "1992-11-19T00:00:00.000+0000" } }
{ "_id" : { "$oid" : "60bb8283b375e2292a8d8c18" }, "adult" : true, "belongs_to_collection" : { "id" : 645, "name" : "James Bond Collection" }, "budget" : 28000000, "genres" : [ { "id" : 12, "name" : "Adventure" }, { "id" : 28, "name" : "Action" }, { "id" : 53, "name" : "Thriller" } ], "id" : 699, "original_language" : "en", "original_title" : "For Your Eyes Only", "popularity" : 9.765123, "production_companies" : [ { "name" : "United Artists", "id" : 60 }, { "name" : "Eon Productions", "id" : 7576 } ], "revenue" : 195312802, "runtime" : 127, "spoken_languages" : [ { "iso_639_1" : "el", "name" : "ελληνικά" }, { "iso_639_1" : "en", "name" : "English" }, { "iso_639_1" : "it", "name" : "Italiano" } ], "status" : "Released", "tagline" : "No one comes close to James Bond, 007.", "title" : "For Your Eyes Only", "video" : "False", "vote_average" : 6.3, "vote_count" : 497, "releasedate" : { "$date" : "1981-06-23T00:00:00.000+0000" } }
{ "_id" : { "$oid" : "60bb8283b375e2292a8d8c19" }, "adult" : true, "belongs_to_collection" : { "id" : 645, "name" : "James Bond Collection" }, "budget" : 32000000, "genres" : [ { "id" : 12, "name" : "Adventure" }, { "id" : 28, "name" : "Action" }, { "id" : 53, "name" : "Thriller" } ], "id" : 709, "original_language" : "en", "original_title" : "Licence to Kill", "popularity" : 11.137888, "production_companies" : [ { "name" : "Eon Productions", "id" : 7576 } ], "revenue" : 156167015, "runtime" : 133, "spoken_languages" : [ { "iso_639_1" : "en", "name" : "English" }, { "iso_639_1" : "es", "name" : "Español" } ], "status" : "Released", "tagline" : "His bad side is a dangerous place to be.", "title" : "Licence to Kill", "video" : "False", "vote_average" : 5.9, "vote_count" : 549, "releasedate" : { "$date" : "1989-07-07T00:00:00.000+0000" } }
{ "_id" : { "$oid" : "60bb8283b375e2292a8d8c1b" }, "adult" : true, "belongs_to_collection" : { "id" : 645, "name" : "James Bond Collection" }, "budget" : 7000000, "genres" : [ { "id" : 12, "name" : "Adventure" }, { "id" : 28, "name" : "Action" }, { "id" : 53, "name" : "Thriller" } ], "id" : 253, "original_language" : "en", "original_title" : "Live and Let Die", "popularity" : 9.773768, "production_companies" : [ { "name" : "United Artists", "id" : 60 }, { "name" : "Eon Productions", "id" : 7576 }, { "name" : "Danjaq", "id" : 10761 } ], "revenue" : 161777836, "runtime" : 121, "spoken_languages" : [ { "iso_639_1" : "en", "name" : "English" }, { "iso_639_1" : "hu", "name" : "Magyar" } ], "status" : "Released", "tagline" : "Roger Moore is James Bond.", "title" : "Live and Let Die", "video" : "False", "vote_average" : 6.4, "vote_count" : 540, "releasedate" : { "$date" : "1973-07-05T00:00:00.000+0000" } }
{ "_id" : { "$oid" : "60bb8283b375e2292a8d8c1d" }, "adult" : true, "belongs_to_collection" : { "id" : 645, "name" : "James Bond Collection" }, "budget" : 5500000, "genres" : [ { "id" : 12, "name" : "Adventure" }, { "id" : 28, "name" : "Action" }, { "id" : 53, "name" : "Thriller" } ], "id" : 660, "original_language" : "en", "original_title" : "Thunderball", "popularity" : 10.517835, "production_companies" : [ { "name" : "Eon Productions", "id" : 7576 }, { "name" : "Metro-Goldwyn-Mayer (MGM)", "id" : 8411 } ], "revenue" : 141195658, "runtime" : 130, "spoken_languages" : [ { "iso_639_1" : "en", "name" : "English" }, { "iso_639_1" : "fr", "name" : "Français" } ], "status" : "Released", "tagline" : "Look up!  Look down!  Look out!", "title" : "Thunderball", "video" : "False", "vote_average" : 6.5, "vote_count" : 572, "releasedate" : { "$date" : "1965-12-16T00:00:00.000+0000" } }
{ "_id" : { "$oid" : "60bb8283b375e2292a8d8c89" }, "adult" : true, "belongs_to_collection" : { "id" : 645, "name" : "James Bond Collection" }, "budget" : 135000000, "genres" : [ { "id" : 12, "name" : "Adventure" }, { "id" : 28, "name" : "Action" }, { "id" : 53, "name" : "Thriller" } ], "id" : 36643, "original_language" : "en", "original_title" : "The World Is Not Enough", "popularity" : 12.130127, "production_companies" : [ { "name" : "Eon Productions", "id" : 7576 }, { "name" : "Metro-Goldwyn-Mayer (MGM)", "id" : 8411 } ], "revenue" : 361832400, "runtime" : 128, "spoken_languages" : [ { "iso_639_1" : "en", "name" : "English" }, { "iso_639_1" : "ru", "name" : "Pусский" } ], "status" : "Released", "tagline" : "As the countdown begins for the new millennium there is still one number you can always count on.", "title" : "The World Is Not Enough", "video" : "False", "vote_average" : 6, "vote_count" : 878, "releasedate" : { "$date" : "1999-11-08T00:00:00.000+0000" } }
{ "_id" : { "$oid" : "60bb8283b375e2292a8d8cb6" }, "adult" : false, "belongs_to_collection" : { "id" : 10194, "name" : "Toy Story Collection" }, "budget" : 90000000, "genres" : [ { "id" : 16, "name" : "Animation" }, { "id" : 35, "name" : "Comedy" }, { "id" : 10751, "name" : "Family" } ], "id" : 863, "original_language" : "en", "original_title" : "Toy Story 2", "popularity" : 17.547693, "production_companies" : [ { "name" : "Pixar Animation Studios", "id" : 3 } ], "revenue" : 497366869, "runtime" : 92, "spoken_languages" : [ { "iso_639_1" : "en", "name" : "English" } ], "status" : "Released", "tagline" : "The toys are back!", "title" : "Toy Story 2", "video" : "False", "vote_average" : 7.3, "vote_count" : 3914, "releasedate" : { "$date" : "1999-10-30T00:00:00.000+0000" } }
{ "_id" : { "$oid" : "60bb8283b375e2292a8d8f82" }, "adult" : true, "belongs_to_collection" : { "id" : 645, "name" : "James Bond Collection" }, "budget" : 6500000, "genres" : [ { "id" : 12, "name" : "Adventure" }, { "id" : 28, "name" : "Action" }, { "id" : 53, "name" : "Thriller" } ], "id" : 668, "original_language" : "en", "original_title" : "On Her Majesty's Secret Service", "popularity" : 9.356264, "production_companies" : [ { "name" : "United Artists", "id" : 60 }, { "name" : "Eon Productions", "id" : 7576 }, { "name" : "Danjaq", "id" : 10761 } ], "revenue" : 81974493, "runtime" : 142, "spoken_languages" : [ { "iso_639_1" : "en", "name" : "English" }, { "iso_639_1" : "de", "name" : "Deutsch" } ], "status" : "Released", "tagline" : "Far up! Far out! Far more! James Bond 007 is back!", "title" : "On Her Majesty's Secret Service", "video" : "False", "vote_average" : 6.5, "vote_count" : 464, "releasedate" : { "$date" : "1969-12-12T00:00:00.000+0000" } }
{ "_id" : { "$oid" : "60bb8283b375e2292a8d8f84" }, "adult" : true, "belongs_to_collection" : { "id" : 645, "name" : "James Bond Collection" }, "budget" : 14000000, "genres" : [ { "id" : 12, "name" : "Adventure" }, { "id" : 28, "name" : "Action" }, { "id" : 53, "name" : "Thriller" } ], "id" : 691, "original_language" : "en", "original_title" : "The Spy Who Loved Me", "popularity" : 9.781451, "production_companies" : [ { "name" : "United Artists", "id" : 60 }, { "name" : "Eon Productions", "id" : 7576 }, { "name" : "Danjaq", "id" : 10761 } ], "revenue" : 185438673, "runtime" : 125, "spoken_languages" : [ { "iso_639_1" : "en", "name" : "English" }, { "iso_639_1" : "it", "name" : "Italiano" }, { "iso_639_1" : "ar", "name" : "العربية" } ], "status" : "Released", "tagline" : "It's the BIGGEST. It's the BEST. It's BOND. And B-E-Y-O-N-D.", "title" : "The Spy Who Loved Me", "video" : "False", "vote_average" : 6.6, "vote_count" : 515, "releasedate" : { "$date" : "1977-07-07T00:00:00.000+0000" } }
{ "_id" : { "$oid" : "60bb8283b375e2292a8d8f88" }, "adult" : true, "belongs_to_collection" : { "id" : 645, "name" : "James Bond Collection" }, "budget" : 34000000, "genres" : [ { "id" : 28, "name" : "Action" }, { "id" : 12, "name" : "Adventure" }, { "id" : 53, "name" : "Thriller" }, { "id" : 878, "name" : "Science Fiction" } ], "id" : 698, "original_language" : "en", "original_title" : "Moonraker", "popularity" : 10.576273, "production_companies" : [ { "name" : "United Artists", "id" : 60 }, { "name" : "Eon Productions", "id" : 7576 } ], "revenue" : 210308099, "runtime" : 126, "spoken_languages" : [ { "iso_639_1" : "en", "name" : "English" }, { "iso_639_1" : "it", "name" : "Italiano" } ], "status" : "Released", "tagline" : "Outer space now belongs to 007.", "title" : "Moonraker", "video" : "False", "vote_average" : 5.9, "vote_count" : 551, "releasedate" : { "$date" : "1979-06-26T00:00:00.000+0000" } }
{ "_id" : { "$oid" : "60bb8283b375e2292a8d8f89" }, "adult" : true, "belongs_to_collection" : { "id" : 645, "name" : "James Bond Collection" }, "budget" : 7000000, "genres" : [ { "id" : 12, "name" : "Adventure" }, { "id" : 28, "name" : "Action" }, { "id" : 53, "name" : "Thriller" } ], "id" : 682, "original_language" : "en", "original_title" : "The Man with the Golden Gun", "popularity" : 12.127492, "production_companies" : [ { "name" : "United Artists", "id" : 60 }, { "name" : "Eon Productions", "id" : 7576 }, { "name" : "Danjaq", "id" : 10761 } ], "revenue" : 97572000, "runtime" : 125, "spoken_languages" : [ { "iso_639_1" : "th", "name" : "ภาษาไทย" }, { "iso_639_1" : "cn", "name" : "广州话 / 廣州話" }, { "iso_639_1" : "en", "name" : "English" } ], "status" : "Released", "tagline" : "The man with the golden gun is ready to assassinate James Bond.", "title" : "The Man with the Golden Gun", "video" : "False", "vote_average" : 6.4, "vote_count" : 533, "releasedate" : { "$date" : "1974-12-13T00:00:00.000+0000" } }
{ "_id" : { "$oid" : "60bb8283b375e2292a8d915e" }, "adult" : true, "belongs_to_collection" : { "id" : 645, "name" : "James Bond Collection" }, "budget" : 7200000, "genres" : [ { "id" : 12, "name" : "Adventure" }, { "id" : 28, "name" : "Action" }, { "id" : 53, "name" : "Thriller" } ], "id" : 681, "original_language" : "en", "original_title" : "Diamonds Are Forever", "popularity" : 12.00491, "production_companies" : [ { "name" : "United Artists", "id" : 60 }, { "name" : "Eon Productions", "id" : 7576 }, { "name" : "Danjaq", "id" : 10761 } ], "revenue" : 116019547, "runtime" : 120, "spoken_languages" : [ { "iso_639_1" : "en", "name" : "English" }, { "iso_639_1" : "de", "name" : "Deutsch" } ], "status" : "Released", "tagline" : "The man who made 007 a household number", "title" : "Diamonds Are Forever", "video" : "False", "vote_average" : 6.3, "vote_count" : 562, "releasedate" : { "$date" : "1971-12-13T00:00:00.000+0000" } }
{ "_id" : { "$oid" : "60bb8283b375e2292a8d9179" }, "adult" : true, "belongs_to_collection" : { "id" : 645, "name" : "James Bond Collection" }, "budget" : 40000000, "genres" : [ { "id" : 28, "name" : "Action" }, { "id" : 12, "name" : "Adventure" }, { "id" : 53, "name" : "Thriller" } ], "id" : 708, "original_language" : "en", "original_title" : "The Living Daylights", "popularity" : 12.189038, "production_companies" : [ { "name" : "United Artists", "id" : 60 }, { "name" : "Eon Productions", "id" : 7576 } ], "revenue" : 191185897, "runtime" : 130, "spoken_languages" : [ { "iso_639_1" : "en", "name" : "English" }, { "iso_639_1" : "ar", "name" : "العربية" }, { "iso_639_1" : "fr", "name" : "Français" }, { "iso_639_1" : "de", "name" : "Deutsch" }, { "iso_639_1" : "ru", "name" : "Pусский" }, { "iso_639_1" : "cs", "name" : "Český" }, { "iso_639_1" : "sk", "name" : "Slovenčina" } ], "status" : "Released", "tagline" : "Licensed to thrill.", "title" : "The Living Daylights", "video" : "False", "vote_average" : 6.2, "vote_count" : 447, "releasedate" : { "$date" : "1987-06-29T00:00:00.000+0000" } }
{ "_id" : { "$oid" : "60bb8287b375e2292a8dcd2f" }, "adult" : false, "belongs_to_collection" : { "id" : 1241, "name" : "Harry Potter Collection" }, "budget" : 125000000, "genres" : [ { "id" : 12, "name" : "Adventure" }, { "id" : 14, "name" : "Fantasy" }, { "id" : 10751, "name" : "Family" } ], "id" : 671, "original_language" : "en", "original_title" : "Harry Potter and the Philosopher's Stone", "popularity" : 38.187238, "production_companies" : [ { "name" : "1492 Pictures", "id" : 436 }, { "name" : "Warner Bros.", "id" : 6194 }, { "name" : "Heyday Films", "id" : 7364 } ], "revenue" : 976475550, "runtime" : 152, "spoken_languages" : [ { "iso_639_1" : "en", "name" : "English" } ], "status" : "Released", "tagline" : "Let the Magic Begin.", "title" : "Harry Potter and the Philosopher's Stone", "video" : "False", "vote_average" : 7.5, "vote_count" : 7188, "releasedate" : { "$date" : "2001-11-16T00:00:00.000+0000" } }
{ "_id" : { "$oid" : "60bb8287b375e2292a8dcd90" }, "adult" : false, "belongs_to_collection" : { "id" : 119, "name" : "The Lord of the Rings Collection" }, "budget" : 93000000, "genres" : [ { "id" : 12, "name" : "Adventure" }, { "id" : 14, "name" : "Fantasy" }, { "id" : 28, "name" : "Action" } ], "id" : 120, "original_language" : "en", "original_title" : "The Lord of the Rings: The Fellowship of the Ring", "popularity" : 32.070725, "production_companies" : [ { "name" : "WingNut Films", "id" : 11 }, { "name" : "New Line Cinema", "id" : 12 }, { "name" : "The Saul Zaentz Company", "id" : 5237 } ], "revenue" : 871368364, "runtime" : 178, "spoken_languages" : [ { "iso_639_1" : "en", "name" : "English" } ], "status" : "Released", "tagline" : "One ring to rule them all", "title" : "The Lord of the Rings: The Fellowship of the Ring", "video" : "False", "vote_average" : 8, "vote_count" : 8892, "releasedate" : { "$date" : "2001-12-18T00:00:00.000+0000" } }
{ "_id" : { "$oid" : "60bb8287b375e2292a8dcf0d" }, "adult" : false, "belongs_to_collection" : { "id" : 10, "name" : "Star Wars Collection" }, "budget" : 120000000, "genres" : [ { "id" : 12, "name" : "Adventure" }, { "id" : 28, "name" : "Action" }, { "id" : 878, "name" : "Science Fiction" } ], "id" : 1894, "original_language" : "en", "original_title" : "Star Wars: Episode II - Attack of the Clones", "popularity" : 14.072511, "production_companies" : [ { "name" : "Lucasfilm", "id" : 1 } ], "revenue" : 649398328, "runtime" : 142, "spoken_languages" : [ { "iso_639_1" : "en", "name" : "English" } ], "status" : "Released", "tagline" : "A Jedi Shall Not Know Anger. Nor Hatred. Nor Love.", "title" : "Star Wars: Episode II - Attack of the Clones", "video" : "False", "vote_average" : 6.4, "vote_count" : 4074, "releasedate" : { "$date" : "2002-05-15T00:00:00.000+0000" } }
{ "_id" : { "$oid" : "60bb8287b375e2292a8dcfd0" }, "adult" : false, "belongs_to_collection" : { "id" : 9518, "name" : "The Transporter Collection" }, "budget" : 21000000, "genres" : [ { "id" : 28, "name" : "Action" }, { "id" : 80, "name" : "Crime" }, { "id" : 53, "name" : "Thriller" } ], "id" : 4108, "original_language" : "en", "original_title" : "The Transporter", "popularity" : 13.217421, "production_companies" : [ { "name" : "TF1 Films Productions", "id" : 356 }, { "name" : "Current Entertainment", "id" : 972 }, { "name" : "Canal+", "id" : 5358 }, { "name" : "EuropaCorp", "id" : 6896 } ], "revenue" : 43928932, "runtime" : 92, "spoken_languages" : [ { "iso_639_1" : "en", "name" : "English" }, { "iso_639_1" : "fr", "name" : "Français" }, { "iso_639_1" : "zh", "name" : "普通话" } ], "status" : "Released", "tagline" : "Rules are made to be broken.", "title" : "The Transporter", "video" : "False", "vote_average" : 6.6, "vote_count" : 1724, "releasedate" : { "$date" : "2002-10-02T00:00:00.000+0000" } }
{ "_id" : { "$oid" : "60bb8287b375e2292a8dd0ab" }, "adult" : true, "belongs_to_collection" : { "id" : 645, "name" : "James Bond Collection" }, "budget" : 12000000, "genres" : [ { "id" : 12, "name" : "Adventure" }, { "id" : 28, "name" : "Action" }, { "id" : 35, "name" : "Comedy" } ], "id" : 12208, "original_language" : "en", "original_title" : "Casino Royale", "popularity" : 13.300519, "production_companies" : [ { "name" : "Columbia Pictures Corporation", "id" : 441 }, { "name" : "Famous Artists Productions", "id" : 1482 } ], "revenue" : 41744718, "runtime" : 131, "spoken_languages" : [ { "iso_639_1" : "ja", "name" : "日本語" }, { "iso_639_1" : "en", "name" : "English" }, { "iso_639_1" : "fr", "name" : "Français" }, { "iso_639_1" : "gd", "name" : "" }, { "iso_639_1" : "de", "name" : "Deutsch" } ], "status" : "Released", "tagline" : "Casino Royale is too much for one James Bond!", "title" : "Casino Royale", "video" : "False", "vote_average" : 5.3, "vote_count" : 153, "releasedate" : { "$date" : "1967-04-13T00:00:00.000+0000" } }
{ "_id" : { "$oid" : "60bb8287b375e2292a8dd0bf" }, "adult" : false, "belongs_to_collection" : { "id" : 1241, "name" : "Harry Potter Collection" }, "budget" : 100000000, "genres" : [ { "id" : 12, "name" : "Adventure" }, { "id" : 14, "name" : "Fantasy" }, { "id" : 10751, "name" : "Family" } ], "id" : 672, "original_language" : "en", "original_title" : "Harry Potter and the Chamber of Secrets", "popularity" : 29.741452, "production_companies" : [ { "name" : "1492 Pictures", "id" : 436 }, { "name" : "Heyday films", "id" : 437 }, { "name" : "Warner Bros.", "id" : 6194 } ], "revenue" : 876688482, "runtime" : 161, "spoken_languages" : [ { "iso_639_1" : "en", "name" : "English" } ], "status" : "Released", "tagline" : "Hogwarts is back in session.", "title" : "Harry Potter and the Chamber of Secrets", "video" : "False", "vote_average" : 7.4, "vote_count" : 5966, "releasedate" : { "$date" : "2002-11-13T00:00:00.000+0000" } }
{ "_id" : { "$oid" : "60bb8287b375e2292a8dd0f7" }, "adult" : true, "belongs_to_collection" : { "id" : 645, "name" : "James Bond Collection" }, "budget" : 140000000, "genres" : [ { "id" : 12, "name" : "Adventure" }, { "id" : 28, "name" : "Action" }, { "id" : 53, "name" : "Thriller" } ], "id" : 36669, "original_language" : "en", "original_title" : "Die Another Day", "popularity" : 12.996474, "production_companies" : [ { "name" : "Eon Productions", "id" : 7576 } ], "revenue" : 431971116, "runtime" : 133, "spoken_languages" : [ { "iso_639_1" : "en", "name" : "English" }, { "iso_639_1" : "ko", "name" : "한국어/조선말" }, { "iso_639_1" : "cn", "name" : "广州话 / 廣州話" }, { "iso_639_1" : "de", "name" : "Deutsch" }, { "iso_639_1" : "es", "name" : "Español" }, { "iso_639_1" : "is", "name" : "Íslenska" }, { "iso_639_1" : "it", "name" : "Italiano" } ], "status" : "Released", "tagline" : "He’s never been cooler.", "title" : "Die Another Day", "video" : "False", "vote_average" : 5.8, "vote_count" : 1112, "releasedate" : { "$date" : "2002-11-17T00:00:00.000+0000" } }
{ "_id" : { "$oid" : "60bb8287b375e2292a8dd147" }, "adult" : false, "belongs_to_collection" : { "id" : 119, "name" : "The Lord of the Rings Collection" }, "budget" : 79000000, "genres" : [ { "id" : 12, "name" : "Adventure" }, { "id" : 14, "name" : "Fantasy" }, { "id" : 28, "name" : "Action" } ], "id" : 121, "original_language" : "en", "original_title" : "The Lord of the Rings: The Two Towers", "popularity" : 29.423537, "production_companies" : [ { "name" : "WingNut Films", "id" : 11 }, { "name" : "New Line Cinema", "id" : 12 }, { "name" : "The Saul Zaentz Company", "id" : 5237 } ], "revenue" : 926287400, "runtime" : 179, "spoken_languages" : [ { "iso_639_1" : "en", "name" : "English" } ], "status" : "Released", "tagline" : "A New Power Is Rising.", "title" : "The Lord of the Rings: The Two Towers", "video" : "False", "vote_average" : 8, "vote_count" : 7641, "releasedate" : { "$date" : "2002-12-18T00:00:00.000+0000" } }
{ "_id" : { "$oid" : "60bb8287b375e2292a8dd5e9" }, "adult" : false, "belongs_to_collection" : { "id" : 119, "name" : "The Lord of the Rings Collection" }, "budget" : 94000000, "genres" : [ { "id" : 12, "name" : "Adventure" }, { "id" : 14, "name" : "Fantasy" }, { "id" : 28, "name" : "Action" } ], "id" : 122, "original_language" : "en", "original_title" : "The Lord of the Rings: The Return of the King", "popularity" : 29.324358, "production_companies" : [ { "name" : "WingNut Films", "id" : 11 }, { "name" : "New Line Cinema", "id" : 12 } ], "revenue" : 1118888979, "runtime" : 201, "spoken_languages" : [ { "iso_639_1" : "en", "name" : "English" } ], "status" : "Released", "tagline" : "The eye of the enemy is moving.", "title" : "The Lord of the Rings: The Return of the King", "video" : "False", "vote_average" : 8.1, "vote_count" : 8226, "releasedate" : { "$date" : "2003-12-01T00:00:00.000+0000" } }
{ "_id" : { "$oid" : "60bb8287b375e2292a8dd732" }, "adult" : true, "belongs_to_collection" : { "id" : 645, "name" : "James Bond Collection" }, "budget" : 9500000, "genres" : [ { "id" : 28, "name" : "Action" }, { "id" : 53, "name" : "Thriller" }, { "id" : 12, "name" : "Adventure" } ], "id" : 667, "original_language" : "en", "original_title" : "You Only Live Twice", "popularity" : 10.359669, "production_companies" : [ { "name" : "Eon Productions", "id" : 7576 } ], "revenue" : 111584787, "runtime" : 117, "spoken_languages" : [ { "iso_639_1" : "en", "name" : "English" }, { "iso_639_1" : "ja", "name" : "日本語" }, { "iso_639_1" : "ru", "name" : "Pусский" } ], "status" : "Released", "tagline" : "You Only Live Twice...and Twice is the only way to live!", "title" : "You Only Live Twice", "video" : "False", "vote_average" : 6.5, "vote_count" : 541, "releasedate" : { "$date" : "1967-06-12T00:00:00.000+0000" } }
{ "_id" : { "$oid" : "60bb8287b375e2292a8dd733" }, "adult" : true, "belongs_to_collection" : { "id" : 645, "name" : "James Bond Collection" }, "budget" : 27500000, "genres" : [ { "id" : 12, "name" : "Adventure" }, { "id" : 28, "name" : "Action" }, { "id" : 53, "name" : "Thriller" } ], "id" : 700, "original_language" : "en", "original_title" : "Octopussy", "popularity" : 10.619302, "production_companies" : [ { "name" : "Eon Productions", "id" : 7576 } ], "revenue" : 187500000, "runtime" : 131, "spoken_languages" : [ { "iso_639_1" : "de", "name" : "Deutsch" }, { "iso_639_1" : "en", "name" : "English" }, { "iso_639_1" : "ru", "name" : "Pусский" }, { "iso_639_1" : "es", "name" : "Español" } ], "status" : "Released", "tagline" : "James Bond’s all time high.", "title" : "Octopussy", "video" : "False", "vote_average" : 6.2, "vote_count" : 534, "releasedate" : { "$date" : "1983-06-05T00:00:00.000+0000" } }
{ "_id" : { "$oid" : "60bb8287b375e2292a8dd736" }, "adult" : true, "belongs_to_collection" : { "id" : 645, "name" : "James Bond Collection" }, "budget" : 36000000, "genres" : [ { "id" : 12, "name" : "Adventure" }, { "id" : 28, "name" : "Action" }, { "id" : 53, "name" : "Thriller" } ], "id" : 36670, "original_language" : "en", "original_title" : "Never Say Never Again", "popularity" : 10.231985, "production_companies" : [ { "name" : "PSO International", "id" : 427 }, { "name" : "TaliaFilm II Productions", "id" : 67984 }, { "name" : "Woodcote", "id" : 67985 } ], "revenue" : 160000000, "runtime" : 134, "spoken_languages" : [ { "iso_639_1" : "en", "name" : "English" }, { "iso_639_1" : "fr", "name" : "Français" }, { "iso_639_1" : "ar", "name" : "العربية" }, { "iso_639_1" : "es", "name" : "Español" } ], "status" : "Released", "tagline" : "Sean Connery is James Bond 007", "title" : "Never Say Never Again", "video" : "False", "vote_average" : 5.8, "vote_count" : 348, "releasedate" : { "$date" : "1983-10-07T00:00:00.000+0000" } }
{ "_id" : { "$oid" : "60bb8287b375e2292a8dd8be" }, "adult" : false, "belongs_to_collection" : { "id" : 1241, "name" : "Harry Potter Collection" }, "budget" : 130000000, "genres" : [ { "id" : 12, "name" : "Adventure" }, { "id" : 14, "name" : "Fantasy" }, { "id" : 10751, "name" : "Family" } ], "id" : 673, "original_language" : "en", "original_title" : "Harry Potter and the Prisoner of Azkaban", "popularity" : 28.460276, "production_companies" : [ { "name" : "1492 Pictures", "id" : 436 }, { "name" : "Heyday films", "id" : 437 }, { "name" : "Warner Bros.", "id" : 6194 } ], "revenue" : 789804554, "runtime" : 141, "spoken_languages" : [ { "iso_639_1" : "en", "name" : "English" } ], "status" : "Released", "tagline" : "Something wicked this way comes.", "title" : "Harry Potter and the Prisoner of Azkaban", "video" : "False", "vote_average" : 7.7, "vote_count" : 6037, "releasedate" : { "$date" : "2004-05-31T00:00:00.000+0000" } }
{ "_id" : { "$oid" : "60bb828ab375e2292a8e0997" }, "adult" : false, "belongs_to_collection" : { "id" : 656, "name" : "Saw Collection" }, "budget" : 1200000, "genres" : [ { "id" : 27, "name" : "Horror" }, { "id" : 9648, "name" : "Mystery" }, { "id" : 80, "name" : "Crime" } ], "id" : 176, "original_language" : "en", "original_title" : "Saw", "popularity" : 23.508433, "production_companies" : [ { "name" : "Lions Gate Films", "id" : 35 }, { "name" : "Twisted Pictures", "id" : 2061 }, { "name" : "Evolution Entertainment", "id" : 23019 }, { "name" : "Saw Productions Inc.", "id" : 55405 } ], "revenue" : 103911669, "runtime" : 103, "spoken_languages" : [ { "iso_639_1" : "en", "name" : "English" } ], "status" : "Released", "tagline" : "Live or die. Make your choice.", "title" : "Saw", "video" : "False", "vote_average" : 7.2, "vote_count" : 2255, "releasedate" : { "$date" : "2004-10-01T00:00:00.000+0000" } }
{ "_id" : { "$oid" : "60bb828ab375e2292a8e0c01" }, "adult" : false, "belongs_to_collection" : { "id" : 133830, "name" : "Star Wars: The Ewok Adventures Collection" }, "budget" : 3000000, "genres" : [ { "id" : 12, "name" : "Adventure" }, { "id" : 10751, "name" : "Family" }, { "id" : 14, "name" : "Fantasy" }, { "id" : 878, "name" : "Science Fiction" }, { "id" : 10770, "name" : "TV Movie" } ], "id" : 1884, "original_language" : "en", "original_title" : "The Ewok Adventure", "popularity" : 5.056089, "production_companies" : [ { "name" : "Lucasfilm", "id" : 1 }, { "name" : "Korty Films", "id" : 775 } ], "revenue" : 0, "runtime" : 96, "spoken_languages" : [ { "iso_639_1" : "en", "name" : "English" } ], "status" : "Released", "tagline" : "You'll live the adventure... You'll love it's heroes.", "title" : "The Ewok Adventure", "video" : "False", "vote_average" : 5.9, "vote_count" : 46, "releasedate" : { "$date" : "1985-02-13T00:00:00.000+0000" } }
{ "_id" : { "$oid" : "60bb828ab375e2292a8e0c15" }, "adult" : false, "belongs_to_collection" : { "id" : 133830, "name" : "Star Wars: The Ewok Adventures Collection" }, "budget" : 0, "genres" : [ { "id" : 12, "name" : "Adventure" } ], "id" : 10372, "original_language" : "en", "original_title" : "Ewoks: The Battle for Endor", "popularity" : 10.002017, "production_companies" : [ { "name" : "Lucasfilm", "id" : 1 } ], "revenue" : 0, "runtime" : 100, "spoken_languages" : [ { "iso_639_1" : "en", "name" : "English" } ], "status" : "Released", "tagline" : "An adventure on a world beyond the stars.", "title" : "Ewoks: The Battle for Endor", "video" : "False", "vote_average" : 5.4, "vote_count" : 43, "releasedate" : { "$date" : "1985-11-24T00:00:00.000+0000" } }
{ "_id" : { "$oid" : "60bb828bb375e2292a8e10c6" }, "adult" : false, "belongs_to_collection" : { "id" : 10, "name" : "Star Wars Collection" }, "budget" : 113000000, "genres" : [ { "id" : 878, "name" : "Science Fiction" }, { "id" : 12, "name" : "Adventure" }, { "id" : 28, "name" : "Action" } ], "id" : 1895, "original_language" : "en", "original_title" : "Star Wars: Episode III - Revenge of the Sith", "popularity" : 13.165421, "production_companies" : [ { "name" : "Lucasfilm", "id" : 1 } ], "revenue" : 850000000, "runtime" : 140, "spoken_languages" : [ { "iso_639_1" : "en", "name" : "English" } ], "status" : "Released", "tagline" : "The saga is complete.", "title" : "Star Wars: Episode III - Revenge of the Sith", "video" : "False", "vote_average" : 7.1, "vote_count" : 4200, "releasedate" : { "$date" : "2005-05-17T00:00:00.000+0000" } }
{ "_id" : { "$oid" : "60bb828bb375e2292a8e11cd" }, "adult" : false, "belongs_to_collection" : { "id" : 9518, "name" : "The Transporter Collection" }, "budget" : 32000000, "genres" : [ { "id" : 28, "name" : "Action" }, { "id" : 53, "name" : "Thriller" }, { "id" : 80, "name" : "Crime" } ], "id" : 9335, "original_language" : "en", "original_title" : "Transporter 2", "popularity" : 11.359659, "production_companies" : [ { "name" : "Twentieth Century Fox Film Corporation", "id" : 306 }, { "name" : "Current Entertainment", "id" : 972 }, { "name" : "TF1 Films Production", "id" : 3823 }, { "name" : "Canal+", "id" : 5358 }, { "name" : "TPS Star", "id" : 6586 }, { "name" : "EuropaCorp", "id" : 6896 }, { "name" : "Sea Side Films Florida Inc.", "id" : 95342 } ], "revenue" : 85167639, "runtime" : 87, "spoken_languages" : [ { "iso_639_1" : "en", "name" : "English" }, { "iso_639_1" : "fr", "name" : "Français" }, { "iso_639_1" : "it", "name" : "Italiano" } ], "status" : "Released", "tagline" : "The Best In The Business Is Back In The Game.", "title" : "Transporter 2", "video" : "False", "vote_average" : 6.2, "vote_count" : 1076, "releasedate" : { "$date" : "2005-08-02T00:00:00.000+0000" } }
{ "_id" : { "$oid" : "60bb828bb375e2292a8e1261" }, "adult" : false, "belongs_to_collection" : { "id" : 656, "name" : "Saw Collection" }, "budget" : 4000000, "genres" : [ { "id" : 27, "name" : "Horror" } ], "id" : 215, "original_language" : "en", "original_title" : "Saw II", "popularity" : 15.399863, "production_companies" : [ { "name" : "Lions Gate Films", "id" : 35 }, { "name" : "Got Films", "id" : 1053 }, { "name" : "Twisted Pictures", "id" : 2061 }, { "name" : "Evolution Entertainment", "id" : 23019 }, { "name" : "Saw 2 Productions", "id" : 64651 } ], "revenue" : 152925093, "runtime" : 92, "spoken_languages" : [ { "iso_639_1" : "en", "name" : "English" } ], "status" : "Released", "tagline" : "Oh Yes... There Will Be Blood.", "title" : "Saw II", "video" : "False", "vote_average" : 6.3, "vote_count" : 1288, "releasedate" : { "$date" : "2005-10-28T00:00:00.000+0000" } }
{ "_id" : { "$oid" : "60bb828bb375e2292a8e12ab" }, "adult" : false, "belongs_to_collection" : { "id" : 1241, "name" : "Harry Potter Collection" }, "budget" : 150000000, "genres" : [ { "id" : 12, "name" : "Adventure" }, { "id" : 14, "name" : "Fantasy" }, { "id" : 10751, "name" : "Family" } ], "id" : 674, "original_language" : "en", "original_title" : "Harry Potter and the Goblet of Fire", "popularity" : 24.903058, "production_companies" : [ { "name" : "Patalex IV Productions Limited", "id" : 462 }, { "name" : "Warner Bros.", "id" : 6194 }, { "name" : "Heyday Films", "id" : 7364 } ], "revenue" : 895921036, "runtime" : 157, "spoken_languages" : [ { "iso_639_1" : "en", "name" : "English" }, { "iso_639_1" : "fr", "name" : "Français" } ], "status" : "Released", "tagline" : "Dark And Difficult Times Lie Ahead.", "title" : "Harry Potter and the Goblet of Fire", "video" : "False", "vote_average" : 7.5, "vote_count" : 5758, "releasedate" : { "$date" : "2005-11-05T00:00:00.000+0000" } }
{ "_id" : { "$oid" : "60bb828bb375e2292a8e15d6" }, "adult" : false, "belongs_to_collection" : { "id" : 656, "name" : "Saw Collection" }, "budget" : 10000000, "genres" : [ { "id" : 27, "name" : "Horror" }, { "id" : 53, "name" : "Thriller" }, { "id" : 80, "name" : "Crime" } ], "id" : 214, "original_language" : "en", "original_title" : "Saw III", "popularity" : 14.938035, "production_companies" : [ { "name" : "Lions Gate Films", "id" : 35 }, { "name" : "Twisted Pictures", "id" : 2061 }, { "name" : "Evolution Entertainment", "id" : 23019 } ], "revenue" : 163876815, "runtime" : 108, "spoken_languages" : [ { "iso_639_1" : "en", "name" : "English" } ], "status" : "Released", "tagline" : "Suffering? You Haven't Seen Anything Yet...", "title" : "Saw III", "video" : "False", "vote_average" : 6.1, "vote_count" : 1104, "releasedate" : { "$date" : "2006-10-27T00:00:00.000+0000" } }
{ "_id" : { "$oid" : "60bb828bb375e2292a8e15fd" }, "adult" : true, "belongs_to_collection" : { "id" : 645, "name" : "James Bond Collection" }, "budget" : 150000000, "genres" : [ { "id" : 12, "name" : "Adventure" }, { "id" : 28, "name" : "Action" }, { "id" : 53, "name" : "Thriller" } ], "id" : 36557, "original_language" : "en", "original_title" : "Casino Royale", "popularity" : 23.065078, "production_companies" : [ { "name" : "Eon Productions", "id" : 7576 }, { "name" : "Stillking Films", "id" : 11345 }, { "name" : "Babelsberg Film", "id" : 19481 } ], "revenue" : 599045960, "runtime" : 144, "spoken_languages" : [ { "iso_639_1" : "en", "name" : "English" }, { "iso_639_1" : "fr", "name" : "Français" } ], "status" : "Released", "tagline" : "Everyone has a past. Every legend has a beginning.", "title" : "Casino Royale", "video" : "False", "vote_average" : 7.3, "vote_count" : 3930, "releasedate" : { "$date" : "2006-11-14T00:00:00.000+0000" } }
{ "_id" : { "$oid" : "60bb828bb375e2292a8e1808" }, "adult" : false, "belongs_to_collection" : { "id" : 1241, "name" : "Harry Potter Collection" }, "budget" : 150000000, "genres" : [ { "id" : 12, "name" : "Adventure" }, { "id" : 14, "name" : "Fantasy" }, { "id" : 10751, "name" : "Family" }, { "id" : 9648, "name" : "Mystery" } ], "id" : 675, "original_language" : "en", "original_title" : "Harry Potter and the Order of the Phoenix", "popularity" : 21.3643, "production_companies" : [ { "name" : "Warner Bros.", "id" : 6194 }, { "name" : "Heyday Films", "id" : 7364 } ], "revenue" : 938212738, "runtime" : 138, "spoken_languages" : [ { "iso_639_1" : "en", "name" : "English" } ], "status" : "Released", "tagline" : "Evil Must Be Confronted.", "title" : "Harry Potter and the Order of the Phoenix", "video" : "False", "vote_average" : 7.4, "vote_count" : 5633, "releasedate" : { "$date" : "2007-06-28T00:00:00.000+0000" } }
{ "_id" : { "$oid" : "60bb828db375e2292a8e5376" }, "adult" : false, "belongs_to_collection" : { "id" : 656, "name" : "Saw Collection" }, "budget" : 10000000, "genres" : [ { "id" : 27, "name" : "Horror" }, { "id" : 53, "name" : "Thriller" }, { "id" : 80, "name" : "Crime" } ], "id" : 663, "original_language" : "en", "original_title" : "Saw IV", "popularity" : 12.233863, "production_companies" : [ { "name" : "Lions Gate Films", "id" : 35 }, { "name" : "Twisted Pictures", "id" : 2061 } ], "revenue" : 139352633, "runtime" : 93, "spoken_languages" : [ { "iso_639_1" : "en", "name" : "English" } ], "status" : "Released", "tagline" : "You think it is over...but the games have just begun", "title" : "Saw IV", "video" : "False", "vote_average" : 5.9, "vote_count" : 938, "releasedate" : { "$date" : "2007-10-25T00:00:00.000+0000" } }
{ "_id" : { "$oid" : "60bb828db375e2292a8e5535" }, "adult" : false, "belongs_to_collection" : { "id" : 131292, "name" : "Iron Man Collection" }, "budget" : 140000000, "genres" : [ { "id" : 28, "name" : "Action" }, { "id" : 878, "name" : "Science Fiction" }, { "id" : 12, "name" : "Adventure" } ], "id" : 1726, "original_language" : "en", "original_title" : "Iron Man", "popularity" : 22.073099, "production_companies" : [ { "name" : "Paramount Pictures", "id" : 4 }, { "name" : "Marvel Studios", "id" : 420 } ], "revenue" : 585174222, "runtime" : 126, "spoken_languages" : [ { "iso_639_1" : "en", "name" : "English" }, { "iso_639_1" : "fa", "name" : "فارسی" }, { "iso_639_1" : "ur", "name" : "اردو" }, { "iso_639_1" : "ar", "name" : "العربية" } ], "status" : "Released", "tagline" : "Heroes aren't born. They're built.", "title" : "Iron Man", "video" : "False", "vote_average" : 7.4, "vote_count" : 8951, "releasedate" : { "$date" : "2008-04-30T00:00:00.000+0000" } }
{ "_id" : { "$oid" : "60bb828db375e2292a8e555a" }, "adult" : false, "belongs_to_collection" : { "id" : 84, "name" : "Indiana Jones Collection" }, "budget" : 185000000, "genres" : [ { "id" : 12, "name" : "Adventure" }, { "id" : 28, "name" : "Action" } ], "id" : 217, "original_language" : "en", "original_title" : "Indiana Jones and the Kingdom of the Crystal Skull", "popularity" : 12.577266, "production_companies" : [ { "name" : "Lucasfilm", "id" : 1 }, { "name" : "Paramount Pictures", "id" : 4 } ], "revenue" : 786636033, "runtime" : 122, "spoken_languages" : [ { "iso_639_1" : "en", "name" : "English" }, { "iso_639_1" : "de", "name" : "Deutsch" }, { "iso_639_1" : "ru", "name" : "Pусский" } ], "status" : "Released", "tagline" : "The adventure continues . . .", "title" : "Indiana Jones and the Kingdom of the Crystal Skull", "video" : "False", "vote_average" : 5.7, "vote_count" : 2558, "releasedate" : { "$date" : "2008-05-21T00:00:00.000+0000" } }
{ "_id" : { "$oid" : "60bb828eb375e2292a8e570e" }, "adult" : true, "belongs_to_collection" : { "id" : 645, "name" : "James Bond Collection" }, "budget" : 200000000, "genres" : [ { "id" : 12, "name" : "Adventure" }, { "id" : 28, "name" : "Action" }, { "id" : 53, "name" : "Thriller" }, { "id" : 80, "name" : "Crime" } ], "id" : 10764, "original_language" : "en", "original_title" : "Quantum of Solace", "popularity" : 13.67812, "production_companies" : [ { "name" : "Eon Productions", "id" : 7576 } ], "revenue" : 586090727, "runtime" : 106, "spoken_languages" : [ { "iso_639_1" : "en", "name" : "English" }, { "iso_639_1" : "es", "name" : "Español" }, { "iso_639_1" : "it", "name" : "Italiano" }, { "iso_639_1" : "fr", "name" : "Français" }, { "iso_639_1" : "de", "name" : "Deutsch" } ], "status" : "Released", "tagline" : "For love, for hate, for justice, for revenge.", "title" : "Quantum of Solace", "video" : "False", "vote_average" : 6.1, "vote_count" : 3015, "releasedate" : { "$date" : "2008-10-30T00:00:00.000+0000" } }
{ "_id" : { "$oid" : "60bb828eb375e2292a8e572d" }, "adult" : false, "belongs_to_collection" : { "id" : 656, "name" : "Saw Collection" }, "budget" : 10800000, "genres" : [ { "id" : 27, "name" : "Horror" }, { "id" : 53, "name" : "Thriller" }, { "id" : 80, "name" : "Crime" } ], "id" : 11917, "original_language" : "en", "original_title" : "Saw V", "popularity" : 10.165499, "production_companies" : [ { "name" : "Lionsgate", "id" : 1632 }, { "name" : "Twisted Pictures", "id" : 2061 } ], "revenue" : 113857533, "runtime" : 92, "spoken_languages" : [ { "iso_639_1" : "en", "name" : "English" } ], "status" : "Released", "tagline" : "You Won't Believe How It Ends", "title" : "Saw V", "video" : "False", "vote_average" : 6, "vote_count" : 848, "releasedate" : { "$date" : "2008-10-23T00:00:00.000+0000" } }
{ "_id" : { "$oid" : "60bb828eb375e2292a8e5758" }, "adult" : false, "belongs_to_collection" : { "id" : 9518, "name" : "The Transporter Collection" }, "budget" : 30000000, "genres" : [ { "id" : 28, "name" : "Action" }, { "id" : 12, "name" : "Adventure" }, { "id" : 53, "name" : "Thriller" }, { "id" : 80, "name" : "Crime" } ], "id" : 13387, "original_language" : "en", "original_title" : "Transporter 3", "popularity" : 9.296824, "production_companies" : [ { "name" : "Europa Corp", "id" : 1075 }, { "name" : "TF1 Films Production", "id" : 3823 }, { "name" : "Grive Productions", "id" : 6877 }, { "name" : "EuropaCorp", "id" : 6896 } ], "revenue" : 108979549, "runtime" : 104, "spoken_languages" : [ { "iso_639_1" : "en", "name" : "English" }, { "iso_639_1" : "uk", "name" : "Український" }, { "iso_639_1" : "fr", "name" : "Français" }, { "iso_639_1" : "ru", "name" : "Pусский" }, { "iso_639_1" : "hu", "name" : "Magyar" } ], "status" : "Released", "tagline" : "This time, the rules are the same. Except one.", "title" : "Transporter 3", "video" : "False", "vote_average" : 5.9, "vote_count" : 1110, "releasedate" : { "$date" : "2008-11-26T00:00:00.000+0000" } }
{ "_id" : { "$oid" : "60bb828eb375e2292a8e5a4e" }, "adult" : false, "belongs_to_collection" : { "id" : 1241, "name" : "Harry Potter Collection" }, "budget" : 250000000, "genres" : [ { "id" : 12, "name" : "Adventure" }, { "id" : 14, "name" : "Fantasy" }, { "id" : 10751, "name" : "Family" } ], "id" : 767, "original_language" : "en", "original_title" : "Harry Potter and the Half-Blood Prince", "popularity" : 19.083723, "production_companies" : [ { "name" : "Warner Bros.", "id" : 6194 }, { "name" : "Heyday Films", "id" : 7364 } ], "revenue" : 933959197, "runtime" : 153, "spoken_languages" : [ { "iso_639_1" : "en", "name" : "English" } ], "status" : "Released", "tagline" : "Dark Secrets Revealed", "title" : "Harry Potter and the Half-Blood Prince", "video" : "False", "vote_average" : 7.4, "vote_count" : 5435, "releasedate" : { "$date" : "2009-07-07T00:00:00.000+0000" } }
{ "_id" : { "$oid" : "60bb828eb375e2292a8e5c20" }, "adult" : false, "belongs_to_collection" : { "id" : 656, "name" : "Saw Collection" }, "budget" : 11000000, "genres" : [ { "id" : 27, "name" : "Horror" }, { "id" : 9648, "name" : "Mystery" } ], "id" : 22804, "original_language" : "en", "original_title" : "Saw VI", "popularity" : 17.360894, "production_companies" : [ { "name" : "Lionsgate", "id" : 1632 }, { "name" : "Twisted Pictures", "id" : 2061 } ], "revenue" : 68233629, "runtime" : 90, "spoken_languages" : [ { "iso_639_1" : "en", "name" : "English" } ], "status" : "Released", "tagline" : "The Game Has Come Full Circle", "title" : "Saw VI", "video" : "False", "vote_average" : 6, "vote_count" : 755, "releasedate" : { "$date" : "2009-10-22T00:00:00.000+0000" } }
{ "_id" : { "$oid" : "60bb828eb375e2292a8e5f3a" }, "adult" : false, "belongs_to_collection" : { "id" : 131292, "name" : "Iron Man Collection" }, "budget" : 200000000, "genres" : [ { "id" : 12, "name" : "Adventure" }, { "id" : 28, "name" : "Action" }, { "id" : 878, "name" : "Science Fiction" } ], "id" : 10138, "original_language" : "en", "original_title" : "Iron Man 2", "popularity" : 19.083344, "production_companies" : [ { "name" : "Marvel Studios", "id" : 420 } ], "revenue" : 623933331, "runtime" : 124, "spoken_languages" : [ { "iso_639_1" : "en", "name" : "English" }, { "iso_639_1" : "ru", "name" : "Pусский" }, { "iso_639_1" : "fr", "name" : "Français" } ], "status" : "Released", "tagline" : "It's not the armor that makes the hero, but the man inside.", "title" : "Iron Man 2", "video" : "False", "vote_average" : 6.6, "vote_count" : 6969, "releasedate" : { "$date" : "2010-04-28T00:00:00.000+0000" } }
{ "_id" : { "$oid" : "60bb828eb375e2292a8e5ffd" }, "adult" : false, "belongs_to_collection" : { "id" : 10194, "name" : "Toy Story Collection" }, "budget" : 200000000, "genres" : [ { "id" : 16, "name" : "Animation" }, { "id" : 10751, "name" : "Family" }, { "id" : 35, "name" : "Comedy" } ], "id" : 10193, "original_language" : "en", "original_title" : "Toy Story 3", "popularity" : 16.96647, "production_companies" : [ { "name" : "Walt Disney Pictures", "id" : 2 }, { "name" : "Pixar Animation Studios", "id" : 3 } ], "revenue" : 1066969703, "runtime" : 103, "spoken_languages" : [ { "iso_639_1" : "en", "name" : "English" }, { "iso_639_1" : "es", "name" : "Español" } ], "status" : "Released", "tagline" : "No toy gets left behind.", "title" : "Toy Story 3", "video" : "False", "vote_average" : 7.6, "vote_count" : 4710, "releasedate" : { "$date" : "2010-06-16T00:00:00.000+0000" } }
{ "_id" : { "$oid" : "60bb8290b375e2292a8e8b26" }, "adult" : false, "belongs_to_collection" : { "id" : 656, "name" : "Saw Collection" }, "budget" : 20000000, "genres" : [ { "id" : 27, "name" : "Horror" }, { "id" : 80, "name" : "Crime" } ], "id" : 41439, "original_language" : "en", "original_title" : "Saw 3D", "popularity" : 16.626655, "production_companies" : [ { "name" : "Lionsgate", "id" : 1632 }, { "name" : "Twisted Pictures", "id" : 2061 }, { "name" : "Serendipity Productions", "id" : 6680 } ], "revenue" : 136150434, "runtime" : 90, "spoken_languages" : [ { "iso_639_1" : "en", "name" : "English" } ], "status" : "Released", "tagline" : "The Traps Come Alive", "title" : "Saw: The Final Chapter", "video" : "False", "vote_average" : 5.8, "vote_count" : 758, "releasedate" : { "$date" : "2010-10-21T00:00:00.000+0000" } }
{ "_id" : { "$oid" : "60bb8290b375e2292a8e8c79" }, "adult" : false, "belongs_to_collection" : { "id" : 1241, "name" : "Harry Potter Collection" }, "budget" : 250000000, "genres" : [ { "id" : 12, "name" : "Adventure" }, { "id" : 14, "name" : "Fantasy" }, { "id" : 10751, "name" : "Family" } ], "id" : 12444, "original_language" : "en", "original_title" : "Harry Potter and the Deathly Hallows: Part 1", "popularity" : 23.300362, "production_companies" : [ { "name" : "Warner Bros.", "id" : 6194 }, { "name" : "Heyday Films", "id" : 7364 } ], "revenue" : 954305868, "runtime" : 146, "spoken_languages" : [ { "iso_639_1" : "en", "name" : "English" } ], "status" : "Released", "tagline" : "One Way… One Fate… One Hero.", "title" : "Harry Potter and the Deathly Hallows: Part 1", "video" : "False", "vote_average" : 7.5, "vote_count" : 5708, "releasedate" : { "$date" : "2010-10-17T00:00:00.000+0000" } }
{ "_id" : { "$oid" : "60bb8290b375e2292a8e97ef" }, "adult" : false, "belongs_to_collection" : { "id" : 9888, "name" : "Home Alone Collection" }, "budget" : 0, "genres" : [ { "id" : 80, "name" : "Crime" }, { "id" : 35, "name" : "Comedy" }, { "id" : 10751, "name" : "Family" } ], "id" : 12536, "original_language" : "en", "original_title" : "Home Alone 4", "popularity" : 6.137056, "production_companies" : [ { "name" : "20th Century Fox Television", "id" : 1556 } ], "revenue" : 0, "runtime" : 89, "spoken_languages" : [ { "iso_639_1" : "en", "name" : "English" } ], "status" : "Released", "tagline" : 0, "title" : "Home Alone 4", "video" : "False", "vote_average" : 3.9, "vote_count" : 239, "releasedate" : { "$date" : "2002-11-02T00:00:00.000+0000" } }
{ "_id" : { "$oid" : "60bb8290b375e2292a8ea292" }, "adult" : false, "belongs_to_collection" : { "id" : 1241, "name" : "Harry Potter Collection" }, "budget" : 125000000, "genres" : [ { "id" : 10751, "name" : "Family" }, { "id" : 14, "name" : "Fantasy" }, { "id" : 12, "name" : "Adventure" } ], "id" : 12445, "original_language" : "en", "original_title" : "Harry Potter and the Deathly Hallows: Part 2", "popularity" : 24.990737, "production_companies" : [ { "name" : "Warner Bros.", "id" : 6194 }, { "name" : "Heyday Films", "id" : 7364 } ], "revenue" : 1342000000, "runtime" : 130, "spoken_languages" : [ { "iso_639_1" : "en", "name" : "English" } ], "status" : "Released", "tagline" : "It all ends here.", "title" : "Harry Potter and the Deathly Hallows: Part 2", "video" : "False", "vote_average" : 7.9, "vote_count" : 6141, "releasedate" : { "$date" : "2011-07-07T00:00:00.000+0000" } }
{ "_id" : { "$oid" : "60bb8290b375e2292a8ea29c" }, "adult" : false, "belongs_to_collection" : { "id" : 131295, "name" : "Captain America Collection" }, "budget" : 140000000, "genres" : [ { "id" : 28, "name" : "Action" }, { "id" : 12, "name" : "Adventure" }, { "id" : 878, "name" : "Science Fiction" } ], "id" : 1771, "original_language" : "en", "original_title" : "Captain America: The First Avenger", "popularity" : 19.323582, "production_companies" : [ { "name" : "Paramount Pictures", "id" : 4 }, { "name" : "Marvel Studios", "id" : 420 } ], "revenue" : 370569774, "runtime" : 124, "spoken_languages" : [ { "iso_639_1" : "fr", "name" : "Français" }, { "iso_639_1" : "no", "name" : "Norsk" }, { "iso_639_1" : "en", "name" : "English" } ], "status" : "Released", "tagline" : "When patriots become heroes", "title" : "Captain America: The First Avenger", "video" : "False", "vote_average" : 6.6, "vote_count" : 7174, "releasedate" : { "$date" : "2011-07-22T00:00:00.000+0000" } }
{ "_id" : { "$oid" : "60bb8291b375e2292a8ead13" }, "adult" : true, "belongs_to_collection" : { "id" : 645, "name" : "James Bond Collection" }, "budget" : 200000000, "genres" : [ { "id" : 28, "name" : "Action" }, { "id" : 12, "name" : "Adventure" }, { "id" : 53, "name" : "Thriller" } ], "id" : 37724, "original_language" : "en", "original_title" : "Skyfall", "popularity" : 20.309585, "production_companies" : [ { "name" : "Columbia Pictures", "id" : 5 } ], "revenue" : 1108561013, "runtime" : 143, "spoken_languages" : [ { "iso_639_1" : "en", "name" : "English" } ], "status" : "Released", "tagline" : "Think on your sins.", "title" : "Skyfall", "video" : "False", "vote_average" : 6.9, "vote_count" : 7718, "releasedate" : { "$date" : "2012-10-25T00:00:00.000+0000" } }
{ "_id" : { "$oid" : "60bb8294b375e2292a8ee2f4" }, "adult" : false, "belongs_to_collection" : { "id" : 131292, "name" : "Iron Man Collection" }, "budget" : 200000000, "genres" : [ { "id" : 28, "name" : "Action" }, { "id" : 12, "name" : "Adventure" }, { "id" : 878, "name" : "Science Fiction" } ], "id" : 68721, "original_language" : "en", "original_title" : "Iron Man 3", "popularity" : 23.721243, "production_companies" : [ { "name" : "Marvel Studios", "id" : 420 } ], "revenue" : 1215439994, "runtime" : 130, "spoken_languages" : [ { "iso_639_1" : "en", "name" : "English" } ], "status" : "Released", "tagline" : "Unleash the power behind the armor.", "title" : "Iron Man 3", "video" : "False", "vote_average" : 6.8, "vote_count" : 8951, "releasedate" : { "$date" : "2013-04-18T00:00:00.000+0000" } }
{ "_id" : { "$oid" : "60bb8294b375e2292a8ee8b2" }, "adult" : false, "belongs_to_collection" : { "id" : 197476, "name" : "Captain America 1979 Classic Collection" }, "budget" : 0, "genres" : [ { "id" : 28, "name" : "Action" }, { "id" : 10770, "name" : "TV Movie" }, { "id" : 878, "name" : "Science Fiction" } ], "id" : 197467, "original_language" : "en", "original_title" : "Captain America", "popularity" : 1.680242, "production_companies" : [ { "name" : "Universal Television", "id" : 26727 } ], "revenue" : 0, "runtime" : 97, "spoken_languages" : [ { "iso_639_1" : "en", "name" : "English" } ], "status" : "Released", "tagline" : "Sentinel of Liberty", "title" : "Captain America", "video" : "False", "vote_average" : 4.7, "vote_count" : 13, "releasedate" : { "$date" : "1979-01-19T00:00:00.000+0000" } }
{ "_id" : { "$oid" : "60bb8294b375e2292a8ee8da" }, "adult" : false, "belongs_to_collection" : { "id" : 197476, "name" : "Captain America 1979 Classic Collection" }, "budget" : 0, "genres" : [ { "id" : 28, "name" : "Action" }, { "id" : 18, "name" : "Drama" }, { "id" : 878, "name" : "Science Fiction" }, { "id" : 10770, "name" : "TV Movie" } ], "id" : 197481, "original_language" : "en", "original_title" : "Captain America II: Death Too Soon", "popularity" : 7.936894, "production_companies" : 0, "revenue" : 0, "runtime" : 88, "spoken_languages" : [ { "iso_639_1" : "en", "name" : "English" } ], "status" : "Released", "tagline" : "Sentinel of Liberty Returns", "title" : "Captain America II: Death Too Soon", "video" : "False", "vote_average" : 3.5, "vote_count" : 10, "releasedate" : { "$date" : "1979-11-23T00:00:00.000+0000" } }
{ "_id" : { "$oid" : "60bb8295b375e2292a8f0f20" }, "adult" : false, "belongs_to_collection" : { "id" : 131295, "name" : "Captain America Collection" }, "budget" : 170000000, "genres" : [ { "id" : 28, "name" : "Action" }, { "id" : 12, "name" : "Adventure" }, { "id" : 878, "name" : "Science Fiction" } ], "id" : 100402, "original_language" : "en", "original_title" : "Captain America: The Winter Soldier", "popularity" : 18.717704, "production_companies" : [ { "name" : "Marvel Studios", "id" : 420 } ], "revenue" : 714766572, "runtime" : 136, "spoken_languages" : [ { "iso_639_1" : "en", "name" : "English" } ], "status" : "Released", "tagline" : "In heroes we trust.", "title" : "Captain America: The Winter Soldier", "video" : "False", "vote_average" : 7.6, "vote_count" : 5881, "releasedate" : { "$date" : "2014-03-20T00:00:00.000+0000" } }
{ "_id" : { "$oid" : "60bb8298b375e2292a8f5938" }, "adult" : false, "belongs_to_collection" : { "id" : 9888, "name" : "Home Alone Collection" }, "budget" : 0, "genres" : [ { "id" : 35, "name" : "Comedy" }, { "id" : 80, "name" : "Crime" }, { "id" : 10751, "name" : "Family" } ], "id" : 134375, "original_language" : "en", "original_title" : "Home Alone: The Holiday Heist", "popularity" : 4.792279, "production_companies" : [ { "name" : "Original Pictures", "id" : 4234 }, { "name" : "Fox Television Studios", "id" : 6529 }, { "name" : "Manitoba Film and Video Production Tax Credit", "id" : 11715 } ], "revenue" : 0, "runtime" : 87, "spoken_languages" : [ { "iso_639_1" : "en", "name" : "English" }, { "iso_639_1" : "pt", "name" : "Português" } ], "status" : "Released", "tagline" : "Hit the jump for more", "title" : "Home Alone: The Holiday Heist", "video" : "False", "vote_average" : 5.3, "vote_count" : 54, "releasedate" : { "$date" : "2012-11-25T00:00:00.000+0000" } }
{ "_id" : { "$oid" : "60bb8298b375e2292a8f608b" }, "adult" : false, "belongs_to_collection" : { "id" : 10, "name" : "Star Wars Collection" }, "budget" : 245000000, "genres" : [ { "id" : 28, "name" : "Action" }, { "id" : 12, "name" : "Adventure" }, { "id" : 878, "name" : "Science Fiction" }, { "id" : 14, "name" : "Fantasy" } ], "id" : 140607, "original_language" : "en", "original_title" : "Star Wars: The Force Awakens", "popularity" : 31.626013, "production_companies" : [ { "name" : "Lucasfilm", "id" : 1 }, { "name" : "Truenorth Productions", "id" : 1634 }, { "name" : "Bad Robot", "id" : 11461 } ], "revenue" : 2068223624, "runtime" : 136, "spoken_languages" : [ { "iso_639_1" : "en", "name" : "English" } ], "status" : "Released", "tagline" : "Every generation has a story.", "title" : "Star Wars: The Force Awakens", "video" : "False", "vote_average" : 7.5, "vote_count" : 7993, "releasedate" : { "$date" : "2015-12-15T00:00:00.000+0000" } }
{ "_id" : { "$oid" : "60bb8298b375e2292a8f60a0" }, "adult" : false, "belongs_to_collection" : { "id" : 131295, "name" : "Captain America Collection" }, "budget" : 250000000, "genres" : [ { "id" : 12, "name" : "Adventure" }, { "id" : 28, "name" : "Action" }, { "id" : 878, "name" : "Science Fiction" } ], "id" : 271110, "original_language" : "en", "original_title" : "Captain America: Civil War", "popularity" : 145.882135, "production_companies" : [ { "name" : "Studio Babelsberg", "id" : 264 }, { "name" : "Marvel Studios", "id" : 420 }, { "name" : "Walt Disney Studios Motion Pictures", "id" : 3036 }, { "name" : "Vita-Ray Dutch Productions (III)", "id" : 84424 }, { "name" : "Deluxe Digital Studios", "id" : 84425 } ], "revenue" : 1153304495, "runtime" : 147, "spoken_languages" : [ { "iso_639_1" : "ro", "name" : "Română" }, { "iso_639_1" : "en", "name" : "English" }, { "iso_639_1" : "de", "name" : "Deutsch" }, { "iso_639_1" : "ru", "name" : "Pусский" } ], "status" : "Released", "tagline" : "Divided We Fall", "title" : "Captain America: Civil War", "video" : "False", "vote_average" : 7.1, "vote_count" : 7462, "releasedate" : { "$date" : "2016-04-27T00:00:00.000+0000" } }
{ "_id" : { "$oid" : "60bb829bb375e2292a8f9a1a" }, "adult" : true, "belongs_to_collection" : { "id" : 645, "name" : "James Bond Collection" }, "budget" : 245000000, "genres" : [ { "id" : 28, "name" : "Action" }, { "id" : 12, "name" : "Adventure" }, { "id" : 80, "name" : "Crime" } ], "id" : 206647, "original_language" : "en", "original_title" : "Spectre", "popularity" : 24.926577, "production_companies" : [ { "name" : "Columbia Pictures", "id" : 5 }, { "name" : "Danjaq", "id" : 10761 }, { "name" : "B24", "id" : 69434 } ], "revenue" : 880674609, "runtime" : 148, "spoken_languages" : [ { "iso_639_1" : "fr", "name" : "Français" }, { "iso_639_1" : "en", "name" : "English" }, { "iso_639_1" : "es", "name" : "Español" }, { "iso_639_1" : "it", "name" : "Italiano" }, { "iso_639_1" : "de", "name" : "Deutsch" } ], "status" : "Released", "tagline" : "A Plan No One Escapes", "title" : "Spectre", "video" : "False", "vote_average" : 6.3, "vote_count" : 4552, "releasedate" : { "$date" : "2015-10-26T00:00:00.000+0000" } }
{ "_id" : { "$oid" : "60bb829eb375e2292a8fd908" }, "adult" : false, "belongs_to_collection" : { "id" : 9518, "name" : "The Transporter Collection" }, "budget" : 25000000, "genres" : [ { "id" : 53, "name" : "Thriller" }, { "id" : 28, "name" : "Action" }, { "id" : 80, "name" : "Crime" } ], "id" : 287948, "original_language" : "en", "original_title" : "The Transporter Refueled", "popularity" : 11.007319, "production_companies" : [ { "name" : "EuropaCorp", "id" : 6896 } ], "revenue" : 72629670, "runtime" : 96, "spoken_languages" : [ { "iso_639_1" : "en", "name" : "English" } ], "status" : "Released", "tagline" : "He Delivers.", "title" : "The Transporter Refueled", "video" : "False", "vote_average" : 5.3, "vote_count" : 573, "releasedate" : { "$date" : "2015-09-03T00:00:00.000+0000" } }
{ "_id" : { "$oid" : "60bb82a5b375e2292a906f44" }, "adult" : false, "belongs_to_collection" : { "id" : 10, "name" : "Star Wars Collection" }, "budget" : 200000000, "genres" : [ { "id" : 28, "name" : "Action" }, { "id" : 12, "name" : "Adventure" }, { "id" : 878, "name" : "Science Fiction" } ], "id" : 330459, "original_language" : "en", "original_title" : "Rogue One: A Star Wars Story", "popularity" : 36.567575, "production_companies" : [ { "name" : "Lucasfilm", "id" : 1 }, { "name" : "Walt Disney Pictures", "id" : 2 }, { "name" : "Allison Shearmur Productions", "id" : 47706 }, { "name" : "Black Hangar Studios", "id" : 68738 }, { "name" : "Stereo D", "id" : 86561 } ], "revenue" : 1056057273, "runtime" : 133, "spoken_languages" : [ { "iso_639_1" : "en", "name" : "English" } ], "status" : "Released", "tagline" : "A Rebellion Built on Hope", "title" : "Rogue One: A Star Wars Story", "video" : "False", "vote_average" : 7.4, "vote_count" : 5111, "releasedate" : { "$date" : "2016-12-14T00:00:00.000+0000" } }
{ "_id" : { "$oid" : "60bb82a7b375e2292a90a781" }, "adult" : "False", "belongs_to_collection" : 0, "budget" : 0, "genres" : [ { "id" : 18, "name" : "Drama" }, { "id" : 35, "name" : "Comedy" } ], "id" : 382591, "original_language" : "fr", "original_title" : "Demain tout commence", "popularity" : 17.181564, "production_companies" : [ { "name" : "Mars Films", "id" : 819 }, { "name" : "Vendome Pictures", "id" : 7460 } ], "revenue" : 1447740, "runtime" : 118, "spoken_languages" : [ { "iso_639_1" : "en", "name" : "English" }, { "iso_639_1" : "fr", "name" : "Français" } ], "status" : "Released", "tagline" : 0, "title" : "Two Is a Family", "video" : "False", "vote_average" : 7.6, "vote_count" : 765, "releasedate" : { "$date" : "2016-03-30T00:00:00.000+0000" } }
{ "_id" : { "$oid" : "60bb82a7b375e2292a909cb4" }, "adult" : "False", "belongs_to_collection" : 0, "budget" : 3500000, "genres" : [ { "id" : 18, "name" : "Drama" }, { "id" : 27, "name" : "Horror" } ], "id" : 393519, "original_language" : "fr", "original_title" : "Grave", "popularity" : 14.320893, "production_companies" : "[{'name': 'Angoa-Agicoa', 'id': 309}, {'name': 'MEDIA Programme of the European Union', 'id': 851}, {'name': 'Wild Bunch', 'id': 856}, {'name': 'Canal+', 'id': 5358}, {'name': 'Rouge international', 'id': 6961}, {'name': 'Radio Télévision Belge Francophone (RTBF)', 'id': 7466}, {'name': 'Ciné+', 'id': 10611}, {'name': \"Centre du Cinéma et de l'Audiovisuel de la Fédération Wallonie-Bruxelles\", 'id': 11796}, {'name': 'Le Tax Shelter du Gouvernement Fédéral de Belgique', 'id': 11921}, {'name': 'Centre National de la Cinématographie (CNC)', 'id': 18367}, {'name': 'BE TV', 'id': 24430}, {'name': 'La Wallonie', 'id': 33956}, {'name': 'Frakas Productions', 'id': 49473}, {'name': 'Ciclic - Région Centre', 'id': 52596}, {'name': 'Bruxelles Capitale', 'id': 72497}, {'name': 'Casa Kafka Pictures Movie Tax Shelter Empowered by Belfius', 'id': 88099}, {'name': 'VOO', 'id': 88100}, {'name': 'Arte / Cofinova 12', 'id': 88101}, {'name': 'Torino Film Lab', 'id': 88102}]", "revenue" : 4100000, "runtime" : 99, "spoken_languages" : [ { "iso_639_1" : "fr", "name" : "Français" } ], "status" : "Released", "tagline" : "What are you hungry for?", "title" : "Raw", "video" : "False", "vote_average" : 7, "vote_count" : 451, "releasedate" : { "$date" : "2017-03-15T00:00:00.000+0000" } }
{ "_id" : { "$oid" : "60bb82a7b375e2292a909c4a" }, "adult" : "False", "belongs_to_collection" : 0, "budget" : 4000000, "genres" : [ { "id" : 9648, "name" : "Mystery" }, { "id" : 80, "name" : "Crime" }, { "id" : 53, "name" : "Thriller" } ], "id" : 411088, "original_language" : "es", "original_title" : "Contratiempo", "popularity" : 13.90698, "production_companies" : [ { "name" : "Televisió de Catalunya TV3", "id" : 6778 }, { "name" : "Instituto de la Cinematografía y de las Artes Audiovisuales (ICAA)", "id" : 9974 }, { "name" : "Think Studio", "id" : 10128 }, { "name" : "Nostromo Pictures", "id" : 11068 }, { "name" : "Institut Català de les Empreses Culturals (ICEC)", "id" : 35559 }, { "name" : "Colosé Producciones", "id" : 55260 }, { "name" : "movistar+", "id" : 78489 }, { "name" : "Habitación Cerrada, La", "id" : 80328 } ], "revenue" : 0, "runtime" : 106, "spoken_languages" : [ { "iso_639_1" : "es", "name" : "Español" } ], "status" : "Released", "tagline" : 0, "title" : "The Invisible Guest", "video" : "False", "vote_average" : 8.1, "vote_count" : 395, "releasedate" : { "$date" : "2017-01-06T00:00:00.000+0000" } }
{ "_id" : { "$oid" : "60bb829eb375e2292a8fd957" }, "adult" : "False", "belongs_to_collection" : { "id" : 437608, "name" : "Papa ou Maman Collection", "backdrop_path" : "/gPJ7VtuVIWi6qBSl47ksrUgycHR.jpg" }, "budget" : 0, "genres" : [ { "id" : 35, "name" : "Comedy" } ], "id" : 319341, "original_language" : "fr", "original_title" : "Papa ou maman", "popularity" : 8.307255, "production_companies" : [ { "name" : "M6 Films", "id" : 1115 }, { "name" : "Pathe", "id" : 7396 }, { "name" : "Umedia", "id" : 19037 }, { "name" : "Chapter 2", "id" : 20339 }, { "name" : "Fargo Films", "id" : 22120 } ], "revenue" : 0, "runtime" : 85, "spoken_languages" : [ { "iso_639_1" : "fr", "name" : "Français" } ], "status" : "Released", "tagline" : 0, "title" : "Daddy or Mommy", "video" : "False", "vote_average" : 6.1, "vote_count" : 397, "releasedate" : { "$date" : "2015-02-04T00:00:00.000+0000" } }
{ "_id" : { "$oid" : "60bb829bb375e2292a8f9770" }, "adult" : "False", "belongs_to_collection" : 0, "budget" : 13360000, "genres" : [ { "id" : 35, "name" : "Comedy" }, { "id" : 18, "name" : "Drama" } ], "id" : 310593, "original_language" : "it", "original_title" : "Youth", "popularity" : 8.717661, "production_companies" : [ { "name" : "France 2 Cinéma", "id" : 83 }, { "name" : "Indigo Film", "id" : 1533 }, { "name" : "Pathé", "id" : 7981 }, { "name" : "Number 9 Films", "id" : 11752 } ], "revenue" : 2000000, "runtime" : 118, "spoken_languages" : [ { "iso_639_1" : "de", "name" : "Deutsch" }, { "iso_639_1" : "es", "name" : "Español" }, { "iso_639_1" : "en", "name" : "English" } ], "status" : "Released", "tagline" : 0, "title" : "Youth", "video" : "False", "vote_average" : 6.7, "vote_count" : 625, "releasedate" : { "$date" : "2016-01-22T00:00:00.000+0000" } }
{ "_id" : { "$oid" : "60bb829bb375e2292a8f97e7" }, "adult" : "False", "belongs_to_collection" : 0, "budget" : 0, "genres" : [ { "id" : 35, "name" : "Comedy" } ], "id" : 231176, "original_language" : "it", "original_title" : "Sole a catinelle", "popularity" : 5.52971, "production_companies" : [ { "name" : "Taodue Film", "id" : 45724 } ], "revenue" : 0, "runtime" : 87, "spoken_languages" : [ { "iso_639_1" : "it", "name" : "Italiano" } ], "status" : "Released", "tagline" : 0, "title" : "Sole a catinelle", "video" : "False", "vote_average" : 6.6, "vote_count" : 348, "releasedate" : { "$date" : "2013-10-31T00:00:00.000+0000" } }
{ "_id" : { "$oid" : "60bb8298b375e2292a8f46f8" }, "adult" : "False", "belongs_to_collection" : 0, "budget" : 0, "genres" : [ { "id" : 53, "name" : "Thriller" } ], "id" : 284427, "original_language" : "de", "original_title" : "Who Am I - Kein System ist sicher", "popularity" : 13.001155, "production_companies" : [ { "name" : "Seven Pictures", "id" : 1107 }, { "name" : "Deutsche Columbia Pictures Film Produktion", "id" : 26976 }, { "name" : "Wiedemann & Berg Television", "id" : 40788 } ], "revenue" : 0, "runtime" : 105, "spoken_languages" : [ { "iso_639_1" : "en", "name" : "English" }, { "iso_639_1" : "de", "name" : "Deutsch" } ], "status" : "Released", "tagline" : "No system is safe.", "title" : "Who Am I", "video" : "False", "vote_average" : 7.6, "vote_count" : 430, "releasedate" : { "$date" : "2014-09-25T00:00:00.000+0000" } }
{ "_id" : { "$oid" : "60bb8298b375e2292a8f52c6" }, "adult" : "False", "belongs_to_collection" : { "id" : 331841, "name" : "Babysitting", "backdrop_path" : "/afzBPMUbRqeVIhuOuGC8x2fGLAC.jpg" }, "budget" : 0, "genres" : [ { "id" : 35, "name" : "Comedy" } ], "id" : 262551, "original_language" : "fr", "original_title" : "Babysitting", "popularity" : 6.694707, "production_companies" : [ { "name" : "Universal Pictures International (UPI)", "id" : 5726 }, { "name" : "Axel Films", "id" : 13319 }, { "name" : "Cinéfrance 1888", "id" : 31229 }, { "name" : "La Banque Postale Image 7", "id" : 46205 }, { "name" : "Good Lap Production", "id" : 47930 }, { "name" : "Madame Films", "id" : 49194 } ], "revenue" : 0, "runtime" : 85, "spoken_languages" : [ { "iso_639_1" : "fr", "name" : "Français" } ], "status" : "Released", "tagline" : 0, "title" : "Babysitting", "video" : "False", "vote_average" : 6.9, "vote_count" : 591, "releasedate" : { "$date" : "2014-04-16T00:00:00.000+0000" } }
{ "_id" : { "$oid" : "60bb8298b375e2292a8f5333" }, "adult" : "False", "belongs_to_collection" : 0, "budget" : 0, "genres" : [ { "id" : 18, "name" : "Drama" }, { "id" : 53, "name" : "Thriller" }, { "id" : 35, "name" : "Comedy" } ], "id" : 265195, "original_language" : "es", "original_title" : "Relatos salvajes", "popularity" : 8.764888, "production_companies" : [ { "name" : "Warner Bros.", "id" : 6194 } ], "revenue" : 27007072, "runtime" : 125, "spoken_languages" : [ { "iso_639_1" : "es", "name" : "Español" } ], "status" : "Released", "tagline" : "We can all lose control", "title" : "Wild Tales", "video" : "False", "vote_average" : 7.7, "vote_count" : 878, "releasedate" : { "$date" : "2014-08-21T00:00:00.000+0000" } }
{ "_id" : { "$oid" : "60bb8294b375e2292a8f051c" }, "adult" : "False", "belongs_to_collection" : { "id" : 344555, "name" : "F*ck You, Goethe Collection", "backdrop_path" : "/AtoH8LJQ2sFXfV4gSxxe39XSdzZ.jpg" }, "budget" : 5000000, "genres" : [ { "id" : 35, "name" : "Comedy" } ], "id" : 233063, "original_language" : "de", "original_title" : "Fack ju Göhte", "popularity" : 12.957093, "production_companies" : [ { "name" : "Rat Pack Filmproduktion", "id" : 5754 }, { "name" : "Constantin Film Produktion", "id" : 5755 } ], "revenue" : 0, "runtime" : 119, "spoken_languages" : [ { "iso_639_1" : "de", "name" : "Deutsch" } ], "status" : "Released", "tagline" : 0, "title" : "Fuck You Goethe", "video" : "False", "vote_average" : 7.1, "vote_count" : 621, "releasedate" : { "$date" : "2013-11-07T00:00:00.000+0000" } }
{ "_id" : { "$oid" : "60bb82a1b375e2292a902d4f" }, "adult" : "False", "belongs_to_collection" : { "id" : 70068, "name" : "Ip Man Collection", "backdrop_path" : "/1oCPXe4e0VHZTJX4nLkvxzayXK9.jpg" }, "budget" : 36000000, "genres" : [ { "id" : 28, "name" : "Action" }, { "id" : 18, "name" : "Drama" }, { "id" : 36, "name" : "History" } ], "id" : 365222, "original_language" : "cn", "original_title" : "葉問3", "popularity" : 8.970494, "production_companies" : [ { "name" : "Mandarin Films Distribution Co.", "id" : 4054 } ], "revenue" : 156844753, "runtime" : 105, "spoken_languages" : [ { "iso_639_1" : "cn", "name" : "广州话 / 廣州話" }, { "iso_639_1" : "en", "name" : "English" }, { "iso_639_1" : "zh", "name" : "普通话" }, { "iso_639_1" : "th", "name" : "ภาษาไทย" } ], "status" : "Released", "tagline" : 0, "title" : "Ip Man 3", "video" : "False", "vote_average" : 6.5, "vote_count" : 384, "releasedate" : { "$date" : "2015-12-16T00:00:00.000+0000" } }
{ "_id" : { "$oid" : "60bb8295b375e2292a8f1160" }, "adult" : "False", "belongs_to_collection" : 0, "budget" : 13000000, "genres" : [ { "id" : 35, "name" : "Comedy" } ], "id" : 262391, "original_language" : "fr", "original_title" : "Qu'est-ce qu'on a fait au Bon Dieu", "popularity" : 10.926965, "production_companies" : [ { "name" : "UGC", "id" : 581 } ], "revenue" : 0, "runtime" : 94, "spoken_languages" : [ { "iso_639_1" : "fr", "name" : "Français" } ], "status" : "Released", "tagline" : "4 marriages, 2 long-faces", "title" : "Serial (Bad) Weddings", "video" : "False", "vote_average" : 6.9, "vote_count" : 1114, "releasedate" : { "$date" : "2021-10-13T00:00:00.000+0000" } }
{ "_id" : { "$oid" : "60bb8294b375e2292a8efdf9" }, "adult" : "False", "belongs_to_collection" : 0, "budget" : 0, "genres" : [ { "id" : 18, "name" : "Drama" } ], "id" : 184314, "original_language" : "fr", "original_title" : "Jeune & Jolie", "popularity" : 11.833023, "production_companies" : [ { "name" : "Canal Plus", "id" : 104 }, { "name" : "FOZ", "id" : 149 }, { "name" : "Mars Films", "id" : 819 }, { "name" : "France Télévision", "id" : 7454 }, { "name" : "Ciné+", "id" : 10611 }, { "name" : "Région Ile-de-France", "id" : 11246 }, { "name" : "Mandarin Films", "id" : 12096 }, { "name" : "France 2 Cinéma", "id" : 15671 }, { "name" : "Cofimage 24", "id" : 22203 }, { "name" : "Sofica Manon 3", "id" : 22204 }, { "name" : "Palatine Étoile 10", "id" : 22206 }, { "name" : "Cofinova 9", "id" : 41821 }, { "name" : "La Banque Postale Image 6", "id" : 46045 } ], "revenue" : 0, "runtime" : 95, "spoken_languages" : [ { "iso_639_1" : "fr", "name" : "Français" }, { "iso_639_1" : "de", "name" : "Deutsch" } ], "status" : "Released", "tagline" : 0, "title" : "Young & Beautiful", "video" : "False", "vote_average" : 6.3, "vote_count" : 360, "releasedate" : { "$date" : "2014-03-07T00:00:00.000+0000" } }
{ "_id" : { "$oid" : "60bb8295b375e2292a8f1485" }, "adult" : "False", "belongs_to_collection" : 0, "budget" : 7000000, "genres" : [ { "id" : 18, "name" : "Drama" } ], "id" : 221902, "original_language" : "fr", "original_title" : "Deux jours, une nuit", "popularity" : 6.868022, "production_companies" : [ { "name" : "BIM Distribuzione", "id" : 225 }, { "name" : "Les Films Du Fleuve", "id" : 1926 }, { "name" : "Archipel 35", "id" : 2695 }, { "name" : "Vlaams Audiovisueel fonds", "id" : 3132 }, { "name" : "Canal+", "id" : 5358 }, { "name" : "Eyeworks", "id" : 6461 }, { "name" : "France Television", "id" : 7131 }, { "name" : "Radio Télévision Belge Francophone (RTBF)", "id" : 7466 }, { "name" : "Belgacom", "id" : 8009 }, { "name" : "Ciné+", "id" : 10611 }, { "name" : "VOO", "id" : 11797 }, { "name" : "France 2 Cinéma", "id" : 15671 }, { "name" : "Media Programme of the European Community", "id" : 21972 }, { "name" : "Euro-Images", "id" : 32634 } ], "revenue" : 6860853, "runtime" : 95, "spoken_languages" : [ { "iso_639_1" : "fr", "name" : "Français" } ], "status" : "Released", "tagline" : "A quest for self-improvement", "title" : "Two Days, One Night", "video" : "False", "vote_average" : 6.8, "vote_count" : 327, "releasedate" : { "$date" : "2014-05-21T00:00:00.000+0000" } }
{ "_id" : { "$oid" : "60bb8295b375e2292a8f0f04" }, "adult" : "False", "belongs_to_collection" : { "id" : 454520, "name" : "Captain Harlock Collection", "backdrop_path" : "/kpY6iMfKkssuD1WObzoGSIeMguY.jpg" }, "budget" : 30000000, "genres" : [ { "id" : 16, "name" : "Animation" }, { "id" : 878, "name" : "Science Fiction" } ], "id" : 192577, "original_language" : "ja", "original_title" : "キャプテンハーロック", "popularity" : 7.857666, "production_companies" : [ { "name" : "Toei Animation Company", "id" : 3116 } ], "revenue" : 17137302, "runtime" : 115, "spoken_languages" : [ { "iso_639_1" : "ja", "name" : "日本語" } ], "status" : "Released", "tagline" : 0, "title" : "Space Pirate Captain Harlock", "video" : "False", "vote_average" : 6.4, "vote_count" : 365, "releasedate" : { "$date" : "1979-02-13T00:00:00.000+0000" } }
{ "_id" : { "$oid" : "60bb8295b375e2292a8f0e50" }, "adult" : "False", "belongs_to_collection" : 0, "budget" : 0, "genres" : [ { "id" : 16, "name" : "Animation" }, { "id" : 18, "name" : "Drama" }, { "id" : 10749, "name" : "Romance" } ], "id" : 198375, "original_language" : "ja", "original_title" : "言の葉の庭", "popularity" : 11.16068, "production_companies" : [ { "name" : "CoMix Wave Films", "id" : 10198 } ], "revenue" : 0, "runtime" : 46, "spoken_languages" : [ { "iso_639_1" : "ja", "name" : "日本語" } ], "status" : "Released", "tagline" : 0, "title" : "The Garden of Words", "video" : "False", "vote_average" : 7.5, "vote_count" : 358, "releasedate" : { "$date" : "2013-05-31T00:00:00.000+0000" } }
{ "_id" : { "$oid" : "60bb8298b375e2292a8f4701" }, "adult" : "False", "belongs_to_collection" : 0, "budget" : 49300000, "genres" : [ { "id" : 16, "name" : "Animation" }, { "id" : 18, "name" : "Drama" }, { "id" : 14, "name" : "Fantasy" } ], "id" : 149871, "original_language" : "ja", "original_title" : "かぐや姫の物語", "popularity" : 7.566053, "production_companies" : [ { "name" : "Studio Ghibli", "id" : 10342 }, { "name" : "Hakuhodo DY Media Partners", "id" : 11846 }, { "name" : "KDDI Corporation", "id" : 11848 }, { "name" : "Mitsubishi Shoji", "id" : 20191 }, { "name" : "Gkids", "id" : 32853 } ], "revenue" : 24186232, "runtime" : 137, "spoken_languages" : [ { "iso_639_1" : "ja", "name" : "日本語" } ], "status" : "Released", "tagline" : "A princess's crime and punishment", "title" : "The Tale of the Princess Kaguya", "video" : "False", "vote_average" : 8, "vote_count" : 350, "releasedate" : { "$date" : "2016-03-18T00:00:00.000+0000" } }
{ "_id" : { "$oid" : "60bb829bb375e2292a8f924a" }, "adult" : "False", "belongs_to_collection" : { "id" : 304025, "name" : "Gwendolyn Shepherd Collection", "backdrop_path" : "/9XK13AJkQebk3lMTGsPztU6U1f6.jpg" }, "budget" : 0, "genres" : [ { "id" : 878, "name" : "Science Fiction" }, { "id" : 14, "name" : "Fantasy" }, { "id" : 12, "name" : "Adventure" }, { "id" : 10751, "name" : "Family" } ], "id" : 175774, "original_language" : "de", "original_title" : "Rubinrot", "popularity" : 8.582533, "production_companies" : [ { "name" : "Tele München Fernseh Produktionsgesellschaft (TMG)", "id" : 7237 }, { "name" : "Bayerischer Banken-Fonds", "id" : 8987 }, { "name" : "Lieblingsfilm", "id" : 13535 }, { "name" : "mem-film", "id" : 13536 }, { "name" : "Geißendörfer Film- und Fernsehproduktion (GFF)", "id" : 13537 } ], "revenue" : 0, "runtime" : 122, "spoken_languages" : [ { "iso_639_1" : "de", "name" : "Deutsch" } ], "status" : "Released", "tagline" : 0, "title" : "Ruby Red", "video" : "False", "vote_average" : 6.6, "vote_count" : 330, "releasedate" : { "$date" : "2013-03-14T00:00:00.000+0000" } }
{ "_id" : { "$oid" : "60bb8295b375e2292a8f0d47" }, "adult" : "False", "belongs_to_collection" : { "id" : 258664, "name" : "Nymphomaniac Collection", "backdrop_path" : "/pUswifNwnQ5beSsqbAj1585ugIa.jpg" }, "budget" : 0, "genres" : [ { "id" : 18, "name" : "Drama" }, { "id" : 9648, "name" : "Mystery" } ], "id" : 249397, "original_language" : "da", "original_title" : "Nymphomaniac: Vol. II", "popularity" : 9.594157, "production_companies" : [ { "name" : "Zentropa Entertainments", "id" : 76 } ], "revenue" : 2227167, "runtime" : 123, "spoken_languages" : [ { "iso_639_1" : "en", "name" : "English" } ], "status" : "Released", "tagline" : "Forget About Love", "title" : "Nymphomaniac: Vol. II", "video" : "False", "vote_average" : 6.6, "vote_count" : 820, "releasedate" : { "$date" : "2014-01-24T00:00:00.000+0000" } }
{ "_id" : { "$oid" : "60bb8294b375e2292a8ef58a" }, "adult" : "False", "belongs_to_collection" : 0, "budget" : 12400000, "genres" : [ { "id" : 35, "name" : "Comedy" }, { "id" : 18, "name" : "Drama" } ], "id" : 179144, "original_language" : "it", "original_title" : "La grande bellezza", "popularity" : 8.176134, "production_companies" : "[{'name': 'France 2 Cinéma', 'id': 83}, {'name': 'Indigo Film', 'id': 1533}, {'name': 'Mediaset', 'id': 1677}, {'name': 'Babe Films', 'id': 3366}, {'name': 'Canal+', 'id': 5358}, {'name': 'Medusa Film', 'id': 6246}, {'name': 'Pathé', 'id': 7981}, {'name': \"Fonds Eurimages du Conseil de l'Europe\", 'id': 11011}, {'name': 'Programme MEDIA de la Communauté Européenne', 'id': 11248}, {'name': 'France Télévisions', 'id': 11795}, {'name': 'Regione Lazio', 'id': 20416}, {'name': 'Banca Popolare di Vicenza', 'id': 20418}, {'name': 'Lazio Film Commission', 'id': 20419}, {'name': 'Biscottificio Verona', 'id': 20420}]", "revenue" : 8371085, "runtime" : 142, "spoken_languages" : [ { "iso_639_1" : "it", "name" : "Italiano" }, { "iso_639_1" : "ja", "name" : "日本語" }, { "iso_639_1" : "es", "name" : "Español" }, { "iso_639_1" : "zh", "name" : "普通话" } ], "status" : "Released", "tagline" : 0, "title" : "The Great Beauty", "video" : "False", "vote_average" : 7.3, "vote_count" : 745, "releasedate" : { "$date" : "2013-12-05T00:00:00.000+0000" } }
{ "_id" : { "$oid" : "60bb8295b375e2292a8f1015" }, "adult" : "False", "belongs_to_collection" : 0, "budget" : 33000000, "genres" : [ { "id" : 14, "name" : "Fantasy" }, { "id" : 10749, "name" : "Romance" } ], "id" : 197796, "original_language" : "fr", "original_title" : "La Belle et la Bête", "popularity" : 19.628834, "production_companies" : [ { "name" : "Canal Plus", "id" : 104 }, { "name" : "Studio Babelsberg", "id" : 264 }, { "name" : "Eskwad", "id" : 616 }, { "name" : "TF1 Films Production", "id" : 3823 }, { "name" : "TMC", "id" : 5076 }, { "name" : "Pathé", "id" : 7981 }, { "name" : "120 Films", "id" : 19233 }, { "name" : "TF1", "id" : 22123 }, { "name" : "Ciné+", "id" : 23616 } ], "revenue" : 49100000, "runtime" : 112, "spoken_languages" : [ { "iso_639_1" : "en", "name" : "English" }, { "iso_639_1" : "fr", "name" : "Français" } ], "status" : "Released", "tagline" : "The legend is reborn...", "title" : "Beauty and the Beast", "video" : "False", "vote_average" : 5.8, "vote_count" : 669, "releasedate" : { "$date" : "2014-03-14T00:00:00.000+0000" } }
{ "_id" : { "$oid" : "60bb8294b375e2292a8ef7c9" }, "adult" : "False", "belongs_to_collection" : 0, "budget" : 4300000, "genres" : [ { "id" : 10749, "name" : "Romance" }, { "id" : 18, "name" : "Drama" } ], "id" : 152584, "original_language" : "fr", "original_title" : "La vie d'Adèle - Chapitres 1 et 2", "popularity" : 4.938148, "production_companies" : "[{'name': 'Eurimages', 'id': 850}, {'name': 'Wild Bunch', 'id': 856}, {'name': 'Canal+', 'id': 5358}, {'name': 'France Télévision', 'id': 7454}, {'name': 'Radio Télévision Belge Francophone (RTBF)', 'id': 7466}, {'name': 'Vertigo Films', 'id': 10393}, {'name': 'Ciné+', 'id': 10611}, {'name': 'Scope Pictures', 'id': 11199}, {'name': 'Région Nord-Pas-de-Calais', 'id': 11434}, {'name': \"Quat'sous Films\", 'id': 14700}, {'name': 'France 2 Cinéma', 'id': 15671}, {'name': 'Centre National de la Cinématographie (CNC)', 'id': 18367}, {'name': 'France 2 (FR2)', 'id': 20980}, {'name': 'Le Tax Shelter du Gouvernement Fédéral de Belgique', 'id': 33960}, {'name': \"Centre du Cinéma et de l'Audiovisuel de la Fédération Wallonie-Bruxelles\", 'id': 38037}, {'name': 'Pictanovo Nord-Pas-de-Calais', 'id': 38038}]", "revenue" : 10165694, "runtime" : 179, "spoken_languages" : [ { "iso_639_1" : "fr", "name" : "Français" }, { "iso_639_1" : "en", "name" : "English" } ], "status" : "Released", "tagline" : "Lover Just Know Love!", "title" : "Blue Is the Warmest Color", "video" : "False", "vote_average" : 7.2, "vote_count" : 1114, "releasedate" : { "$date" : "2013-10-25T00:00:00.000+0000" } }
{ "_id" : { "$oid" : "60bb82a1b375e2292a902d59" }, "adult" : "False", "belongs_to_collection" : { "id" : 377491, "name" : "Les Profs", "backdrop_path" : "/oTq4prGNgLSfBEW7KWdkqA8KM7x.jpg" }, "budget" : 12000000, "genres" : [ { "id" : 35, "name" : "Comedy" } ], "id" : 182219, "original_language" : "fr", "original_title" : "Les Profs", "popularity" : 0.240446, "production_companies" : [ { "name" : "UGC", "id" : 581 } ], "revenue" : 0, "runtime" : 88, "spoken_languages" : [ { "iso_639_1" : "cs", "name" : "Český" }, { "iso_639_1" : "fr", "name" : "Français" } ], "status" : "Released", "tagline" : 0, "title" : "Serial Teachers", "video" : "False", "vote_average" : 5.4, "vote_count" : 367, "releasedate" : { "$date" : "2013-04-17T00:00:00.000+0000" } }
{ "_id" : { "$oid" : "60bb8295b375e2292a8f0fd7" }, "adult" : "False", "belongs_to_collection" : { "id" : 257960, "name" : "The Raid Collection", "backdrop_path" : "/oRQ7INsPDVon7U2jphXDr7LSP3H.jpg" }, "budget" : 4500000, "genres" : [ { "id" : 28, "name" : "Action" }, { "id" : 80, "name" : "Crime" }, { "id" : 53, "name" : "Thriller" } ], "id" : 180299, "original_language" : "id", "original_title" : "The Raid 2: Berandal", "popularity" : 8.434884, "production_companies" : [ { "name" : "Pt. Merantau Films", "id" : 12141 }, { "name" : "XYZ Films", "id" : 12142 } ], "revenue" : 2627209, "runtime" : 150, "spoken_languages" : [ { "iso_639_1" : "ar", "name" : "العربية" }, { "iso_639_1" : "id", "name" : "Bahasa indonesia" }, { "iso_639_1" : "ja", "name" : "日本語" }, { "iso_639_1" : "en", "name" : "English" } ], "status" : "Released", "tagline" : "It's Not Over Yet", "title" : "The Raid 2", "video" : "False", "vote_average" : 7.6, "vote_count" : 832, "releasedate" : { "$date" : "2014-03-28T00:00:00.000+0000" } }
{ "_id" : { "$oid" : "60bb8294b375e2292a8f0846" }, "adult" : "False", "belongs_to_collection" : { "id" : 425164, "name" : "Dragon Ball Z (Movie) Collection", "backdrop_path" : "/7PcbijxTfwi9vjWEfXdS0ReAw8q.jpg" }, "budget" : 0, "genres" : [ { "id" : 16, "name" : "Animation" }, { "id" : 28, "name" : "Action" } ], "id" : 126963, "original_language" : "ja", "original_title" : "ドラゴンボールZ 神と神", "popularity" : 10.834344, "production_companies" : [ { "name" : "Twentieth Century Fox Film Corporation", "id" : 306 }, { "name" : "Toei Animation", "id" : 5542 }, { "name" : "Yasahi-Mation Productions", "id" : 50411 } ], "revenue" : 50353002, "runtime" : 85, "spoken_languages" : [ { "iso_639_1" : "en", "name" : "English" }, { "iso_639_1" : "ja", "name" : "日本語" } ], "status" : "Released", "tagline" : 0, "title" : "Dragon Ball Z: Battle of Gods", "video" : "False", "vote_average" : 6.5, "vote_count" : 370, "releasedate" : { "$date" : "2014-05-30T00:00:00.000+0000" } }
{ "_id" : { "$oid" : "60bb8295b375e2292a8f0cad" }, "adult" : "False", "belongs_to_collection" : 0, "budget" : 0, "genres" : [ { "id" : 35, "name" : "Comedy" } ], "id" : 173185, "original_language" : "fr", "original_title" : "20 ans d'écart", "popularity" : 5.616687, "production_companies" : [ { "name" : "TF1 Films Production", "id" : 3823 }, { "name" : "Canal+", "id" : 5358 }, { "name" : "EuropaCorp", "id" : 6896 }, { "name" : "Echo Films", "id" : 7382 }, { "name" : "Ciné+", "id" : 10611 }, { "name" : "TF1", "id" : 22123 } ], "revenue" : 0, "runtime" : 92, "spoken_languages" : [ { "iso_639_1" : "fr", "name" : "Français" }, { "iso_639_1" : "en", "name" : "English" } ], "status" : "Released", "tagline" : 0, "title" : "It Boy", "video" : "False", "vote_average" : 6.2, "vote_count" : 332, "releasedate" : { "$date" : "2013-01-19T00:00:00.000+0000" } }
{ "_id" : { "$oid" : "60bb8294b375e2292a8ef34d" }, "adult" : "False", "belongs_to_collection" : 0, "budget" : 0, "genres" : [ { "id" : 18, "name" : "Drama" }, { "id" : 35, "name" : "Comedy" } ], "id" : 112198, "original_language" : "fr", "original_title" : "Le Prénom", "popularity" : 7.038718, "production_companies" : [ { "name" : "M6 Films", "id" : 1115 }, { "name" : "TF1 Films Production", "id" : 3823 }, { "name" : "Canal+", "id" : 5358 }, { "name" : "Nexus Factory", "id" : 7561 }, { "name" : "Pathé", "id" : 7981 }, { "name" : "uFilm", "id" : 8676 }, { "name" : "M6", "id" : 11261 }, { "name" : "Le Tax Shelter du Gouvernement Fédéral de Belgique", "id" : 11921 }, { "name" : "Chapter 2", "id" : 20339 }, { "name" : "uFund", "id" : 22127 } ], "revenue" : 0, "runtime" : 109, "spoken_languages" : [ { "iso_639_1" : "fr", "name" : "Français" }, { "iso_639_1" : "de", "name" : "Deutsch" } ], "status" : "Released", "tagline" : "A child is the beginning of happiness. A name is the beginning of despair.", "title" : "What's in a Name", "video" : "False", "vote_average" : 7.2, "vote_count" : 433, "releasedate" : { "$date" : "2012-09-14T00:00:00.000+0000" } }
{ "_id" : { "$oid" : "60bb8294b375e2292a8ee2a6" }, "adult" : "False", "belongs_to_collection" : 0, "budget" : 0, "genres" : [ { "id" : 16, "name" : "Animation" }, { "id" : 18, "name" : "Drama" }, { "id" : 10751, "name" : "Family" }, { "id" : 14, "name" : "Fantasy" } ], "id" : 110420, "original_language" : "ja", "original_title" : "おおかみこどもの雨と雪", "popularity" : 10.249498, "production_companies" : [ { "name" : "Madhouse", "id" : 4288 }, { "name" : "Studio Chizu", "id" : 15662 }, { "name" : "Eurozoom", "id" : 15664 } ], "revenue" : 0, "runtime" : 117, "spoken_languages" : [ { "iso_639_1" : "ja", "name" : "日本語" } ], "status" : "Released", "tagline" : "Love wildly", "title" : "Wolf Children", "video" : "False", "vote_average" : 8, "vote_count" : 483, "releasedate" : { "$date" : "2012-07-21T00:00:00.000+0000" } }
{ "_id" : { "$oid" : "60bb8295b375e2292a8f1068" }, "adult" : "False", "belongs_to_collection" : 0, "budget" : 9250000, "genres" : [ { "id" : 12, "name" : "Adventure" }, { "id" : 35, "name" : "Comedy" }, { "id" : 18, "name" : "Drama" } ], "id" : 145247, "original_language" : "sv", "original_title" : "Hundraåringen som klev ut genom fönstret och försvann", "popularity" : 5.434306, "production_companies" : [ { "name" : "FLX Comedy AB", "id" : 28003 }, { "name" : "NICE FLX Pictures", "id" : 28004 }, { "name" : "Nice Drama", "id" : 28005 }, { "name" : "Walt Disney Studios Motion Pictures AB", "id" : 42620 } ], "revenue" : 0, "runtime" : 114, "spoken_languages" : [ { "iso_639_1" : "sv", "name" : "svenska" }, { "iso_639_1" : "de", "name" : "Deutsch" }, { "iso_639_1" : "en", "name" : "English" }, { "iso_639_1" : "es", "name" : "Español" }, { "iso_639_1" : "fr", "name" : "Français" }, { "iso_639_1" : "ru", "name" : "Pусский" } ], "status" : "Released", "tagline" : "For a century he's made the world uncertain, and now he is on the loose again.", "title" : "The 100 Year-Old Man Who Climbed Out the Window and Disappeared", "video" : "False", "vote_average" : 6.7, "vote_count" : 351, "releasedate" : { "$date" : "2009-09-09T00:00:00.000+0000" } }
{ "_id" : { "$oid" : "60bb8291b375e2292a8eae2c" }, "adult" : "False", "belongs_to_collection" : 0, "budget" : 3800000, "genres" : [ { "id" : 18, "name" : "Drama" } ], "id" : 103663, "original_language" : "da", "original_title" : "Jagten", "popularity" : 8.462801, "production_companies" : [ { "name" : "Zentropa Entertainments", "id" : 76 }, { "name" : "Det Danske Filminstitut", "id" : 118 }, { "name" : "Danmarks Radio (DR)", "id" : 119 }, { "name" : "Eurimages", "id" : 850 }, { "name" : "MEDIA Programme of the European Union", "id" : 851 }, { "name" : "Sveriges Television (SVT)", "id" : 3221 }, { "name" : "Svenska Filminstitutet (SFI)", "id" : 7446 }, { "name" : "Nordisk Film- & TV-Fond", "id" : 8555 }, { "name" : "Film Väst", "id" : 74636 } ], "revenue" : 16800000, "runtime" : 115, "spoken_languages" : [ { "iso_639_1" : "da", "name" : "Dansk" }, { "iso_639_1" : "pl", "name" : "Polski" }, { "iso_639_1" : "en", "name" : "English" } ], "status" : "Released", "tagline" : "The lie is spreading.", "title" : "The Hunt", "video" : "False", "vote_average" : 7.9, "vote_count" : 946, "releasedate" : { "$date" : "2013-04-19T00:00:00.000+0000" } }
{ "_id" : { "$oid" : "60bb8291b375e2292a8eae81" }, "adult" : "False", "belongs_to_collection" : 0, "budget" : 15400000, "genres" : [ { "id" : 18, "name" : "Drama" }, { "id" : 10749, "name" : "Romance" } ], "id" : 97365, "original_language" : "fr", "original_title" : "De rouille et d'os", "popularity" : 8.400049, "production_companies" : "[{'name': 'France 2 Cinéma', 'id': 83}, {'name': 'Why Not Productions', 'id': 729}, {'name': 'Les Films Du Fleuve', 'id': 1926}, {'name': 'Vlaams Audiovisueel fonds', 'id': 3132}, {'name': 'Canal+', 'id': 5358}, {'name': 'Radio Télévision Belge Francophone (RTBF)', 'id': 7466}, {'name': 'Ciné+', 'id': 10611}, {'name': 'Page 114', 'id': 11779}, {'name': 'Lumière', 'id': 11793}, {'name': 'Lunanime', 'id': 11794}, {'name': 'France Télévisions', 'id': 11795}, {'name': \"Centre du Cinéma et de l'Audiovisuel de la Fédération Wallonie-Bruxelles\", 'id': 11796}, {'name': 'VOO', 'id': 11797}, {'name': \"Région Provence-Alpes-Côte d'Azur\", 'id': 11798}, {'name': 'Département des Alpes-Maritimes', 'id': 11799}, {'name': 'Casa Kafka Pictures Movie Tax Shelter Empowered by Dexia', 'id': 11800}]", "revenue" : 25762027, "runtime" : 123, "spoken_languages" : [ { "iso_639_1" : "en", "name" : "English" }, { "iso_639_1" : "fr", "name" : "Français" }, { "iso_639_1" : "pl", "name" : "Polski" } ], "status" : "Released", "tagline" : 0, "title" : "Rust and Bone", "video" : "False", "vote_average" : 7.1, "vote_count" : 438, "releasedate" : { "$date" : "2012-12-14T00:00:00.000+0000" } }
{ "_id" : { "$oid" : "60bb8294b375e2292a8ee93e" }, "adult" : "False", "belongs_to_collection" : 0, "budget" : 0, "genres" : [ { "id" : 18, "name" : "Drama" } ], "id" : 137182, "original_language" : "nl", "original_title" : "The Broken Circle Breakdown", "popularity" : 12.507625, "production_companies" : [ { "name" : "Topkapi Films", "id" : 24845 }, { "name" : "Menuet Producties", "id" : 24846 } ], "revenue" : 5475058, "runtime" : 112, "spoken_languages" : [ { "iso_639_1" : "nl", "name" : "Nederlands" }, { "iso_639_1" : "en", "name" : "English" } ], "status" : "Released", "tagline" : 0, "title" : "The Broken Circle Breakdown", "video" : "False", "vote_average" : 7.7, "vote_count" : 341, "releasedate" : { "$date" : "2014-02-14T00:00:00.000+0000" } }
{ "_id" : { "$oid" : "60bb8294b375e2292a8ef5f4" }, "adult" : "False", "belongs_to_collection" : 0, "budget" : 30000000, "genres" : [ { "id" : 16, "name" : "Animation" } ], "id" : 149870, "original_language" : "ja", "original_title" : "風立ちぬ", "popularity" : 9.310866, "production_companies" : [ { "name" : "Toho Company", "id" : 882 }, { "name" : "Touchstone Pictures", "id" : 9195 }, { "name" : "Studio Ghibli", "id" : 10342 }, { "name" : "Hakuhodo DY Media Partners", "id" : 11846 }, { "name" : "KDDI Corporation", "id" : 11848 }, { "name" : "Nippon Television Network (NTV)", "id" : 20192 }, { "name" : "Mitsubishi Motors Corporation", "id" : 25634 } ], "revenue" : 117932401, "runtime" : 126, "spoken_languages" : [ { "iso_639_1" : "fr", "name" : "Français" }, { "iso_639_1" : "de", "name" : "Deutsch" }, { "iso_639_1" : "it", "name" : "Italiano" }, { "iso_639_1" : "ja", "name" : "日本語" } ], "status" : "Released", "tagline" : "We must live.", "title" : "The Wind Rises", "video" : "False", "vote_average" : 7.7, "vote_count" : 720, "releasedate" : { "$date" : "2014-04-25T00:00:00.000+0000" } }
{ "_id" : { "$oid" : "60bb8291b375e2292a8eaa50" }, "adult" : "False", "belongs_to_collection" : { "id" : 257960, "name" : "The Raid Collection", "backdrop_path" : "/oRQ7INsPDVon7U2jphXDr7LSP3H.jpg" }, "budget" : 1100000, "genres" : [ { "id" : 28, "name" : "Action" }, { "id" : 53, "name" : "Thriller" }, { "id" : 80, "name" : "Crime" } ], "id" : 94329, "original_language" : "id", "original_title" : "Serbuan maut", "popularity" : 10.528833, "production_companies" : [ { "name" : "Celluloid Dreams", "id" : 860 }, { "name" : "Pt. Merantau Films", "id" : 12141 }, { "name" : "XYZ Films", "id" : 12142 } ], "revenue" : 4105187, "runtime" : 101, "spoken_languages" : [ { "iso_639_1" : "id", "name" : "Bahasa indonesia" } ], "status" : "Released", "tagline" : "1 Ruthless Crime Lord, 20 Elite Cops, 30 Floors of Hell", "title" : "The Raid", "video" : "False", "vote_average" : 7.3, "vote_count" : 1076, "releasedate" : { "$date" : "2012-03-23T00:00:00.000+0000" } }
{ "_id" : { "$oid" : "60bb8290b375e2292a8ea4c4" }, "adult" : "False", "belongs_to_collection" : 0, "budget" : 800000, "genres" : [ { "id" : 18, "name" : "Drama" } ], "id" : 60243, "original_language" : "fa", "original_title" : "جدایی نادر از سیمین", "popularity" : 7.939625, "production_companies" : [ { "name" : "Asghar Farhadi Productions", "id" : 84797 }, { "name" : "Dreamlab Films", "id" : 84798 }, { "name" : "MPA APSA Academy Film Fund", "id" : 84799 } ], "revenue" : 0, "runtime" : 123, "spoken_languages" : [ { "iso_639_1" : "fa", "name" : "فارسی" } ], "status" : "Released", "tagline" : "Ugly truth, sweet lies.", "title" : "A Separation", "video" : "False", "vote_average" : 7.8, "vote_count" : 474, "releasedate" : { "$date" : "2011-10-07T00:00:00.000+0000" } }
{ "_id" : { "$oid" : "60bb8291b375e2292a8eb0e0" }, "adult" : "False", "belongs_to_collection" : 0, "budget" : 0, "genres" : [ { "id" : 16, "name" : "Animation" }, { "id" : 18, "name" : "Drama" } ], "id" : 83389, "original_language" : "ja", "original_title" : "コクリコ坂から", "popularity" : 8.791024, "production_companies" : [ { "name" : "Studio Ghibli", "id" : 10342 }, { "name" : "The Yomiuri Shimbun", "id" : 11726 }, { "name" : "Hakuhodo DY Media Partners", "id" : 11846 }, { "name" : "Mitsubishi", "id" : 11847 }, { "name" : "KDDI Corporation", "id" : 11848 }, { "name" : "Lawson", "id" : 11849 }, { "name" : "Gkids", "id" : 32853 } ], "revenue" : 0, "runtime" : 91, "spoken_languages" : [ { "iso_639_1" : "ja", "name" : "日本語" } ], "status" : "Released", "tagline" : "I look up as I walk...", "title" : "From Up on Poppy Hill", "video" : "False", "vote_average" : 7.6, "vote_count" : 332, "releasedate" : { "$date" : "2011-06-16T00:00:00.000+0000" } }
{ "_id" : { "$oid" : "60bb8290b375e2292a8e9ce2" }, "adult" : "False", "belongs_to_collection" : 0, "budget" : 3500000, "genres" : [ { "id" : 14, "name" : "Fantasy" }, { "id" : 27, "name" : "Horror" } ], "id" : 46146, "original_language" : "nb", "original_title" : "Trolljegeren", "popularity" : 6.097684, "production_companies" : [ { "name" : "Filmkameratene A/S", "id" : 1003 }, { "name" : "Film Fund FUZZ", "id" : 5241 }, { "name" : "SF Norge A/S", "id" : 56050 } ], "revenue" : 4159678, "runtime" : 103, "spoken_languages" : [ { "iso_639_1" : "no", "name" : "Norsk" } ], "status" : "Released", "tagline" : "You believe it when you see it!", "title" : "Troll Hunter", "video" : "False", "vote_average" : 6.7, "vote_count" : 590, "releasedate" : { "$date" : "2010-10-29T00:00:00.000+0000" } }
{ "_id" : { "$oid" : "60bb8294b375e2292a8f0400" }, "adult" : "False", "belongs_to_collection" : 0, "budget" : 39200000, "genres" : [ { "id" : 28, "name" : "Action" }, { "id" : 878, "name" : "Science Fiction" }, { "id" : 18, "name" : "Drama" } ], "id" : 110415, "original_language" : "ko", "original_title" : "Snowpiercer", "popularity" : 14.131906, "production_companies" : [ { "name" : "CJ Entertainment", "id" : 7036 }, { "name" : "Opus Pictures", "id" : 7270 }, { "name" : "Stillking Films", "id" : 11345 }, { "name" : "SnowPiercer", "id" : 21122 }, { "name" : "Moho Film", "id" : 34725 } ], "revenue" : 86758912, "runtime" : 126, "spoken_languages" : [ { "iso_639_1" : "en", "name" : "English" }, { "iso_639_1" : "fr", "name" : "Français" }, { "iso_639_1" : "ja", "name" : "日本語" }, { "iso_639_1" : "ko", "name" : "한국어/조선말" } ], "status" : "Released", "tagline" : "AD 2031, the passengers in the train are the only survivors on Earth.", "title" : "Snowpiercer", "video" : "False", "vote_average" : 6.7, "vote_count" : 2910, "releasedate" : { "$date" : "2020-05-17T13:33:04.482+0000" } }
{ "_id" : { "$oid" : "60bb8291b375e2292a8ea876" }, "adult" : "False", "belongs_to_collection" : 0, "budget" : 13000000, "genres" : [ { "id" : 18, "name" : "Drama" }, { "id" : 35, "name" : "Comedy" } ], "id" : 77338, "original_language" : "fr", "original_title" : "Intouchables", "popularity" : 16.086919, "production_companies" : [ { "name" : "Gaumont", "id" : 9 }, { "name" : "TF1 Films Production", "id" : 3823 }, { "name" : "Canal+", "id" : 5358 }, { "name" : "CinéCinéma", "id" : 6301 }, { "name" : "Quad Productions", "id" : 7038 }, { "name" : "Chaocorp", "id" : 7766 }, { "name" : "Ten Films", "id" : 8018 }, { "name" : "TF1", "id" : 22123 } ], "revenue" : 426480871, "runtime" : 112, "spoken_languages" : [ { "iso_639_1" : "en", "name" : "English" }, { "iso_639_1" : "fr", "name" : "Français" } ], "status" : "Released", "tagline" : "Sometimes you have to reach into someone else's world to find out what's missing in your own.", "title" : "The Intouchables", "video" : "False", "vote_average" : 8.2, "vote_count" : 5410, "releasedate" : { "$date" : "2012-03-09T00:00:00.000+0000" } }
{ "_id" : { "$oid" : "60bb8291b375e2292a8eaf29" }, "adult" : "False", "belongs_to_collection" : { "id" : 74508, "name" : "[REC] Collection", "backdrop_path" : "/rDzuccVBZSyNVQ26hTRT0DvneVA.jpg" }, "budget" : 0, "genres" : [ { "id" : 27, "name" : "Horror" } ], "id" : 80280, "original_language" : "es", "original_title" : "[REC]³ Génesis", "popularity" : 5.335003, "production_companies" : [ { "name" : "Filmax", "id" : 3631 } ], "revenue" : 10158000, "runtime" : 80, "spoken_languages" : [ { "iso_639_1" : "fr", "name" : "Français" }, { "iso_639_1" : "ca", "name" : "Català" }, { "iso_639_1" : "es", "name" : "Español" } ], "status" : "Released", "tagline" : "You may kiss the bride.", "title" : "[REC]³ Genesis", "video" : "False", "vote_average" : 4.9, "vote_count" : 360, "releasedate" : { "$date" : "2012-03-28T00:00:00.000+0000" } }
{ "_id" : { "$oid" : "60bb8291b375e2292a8eafeb" }, "adult" : "False", "belongs_to_collection" : 0, "budget" : 8900000, "genres" : [ { "id" : 18, "name" : "Drama" }, { "id" : 10749, "name" : "Romance" } ], "id" : 86837, "original_language" : "fr", "original_title" : "Amour", "popularity" : 7.663947, "production_companies" : [ { "name" : "Les Films du Losange", "id" : 223 }, { "name" : "Wega Film", "id" : 224 }, { "name" : "X-Filme Creative Pool", "id" : 1972 } ], "revenue" : 29844753, "runtime" : 127, "spoken_languages" : [ { "iso_639_1" : "fr", "name" : "Français" } ], "status" : "Released", "tagline" : 0, "title" : "Amour", "video" : "False", "vote_average" : 7.5, "vote_count" : 413, "releasedate" : { "$date" : "2013-01-11T00:00:00.000+0000" } }
{ "_id" : { "$oid" : "60bb8291b375e2292a8eaf34" }, "adult" : "False", "belongs_to_collection" : { "id" : 2396, "name" : "Asterix and Obelix Collection", "backdrop_path" : "/vm0i4KIscrTiUsri21z1SOIG4fo.jpg" }, "budget" : 61000000, "genres" : [ { "id" : 10751, "name" : "Family" }, { "id" : 12, "name" : "Adventure" }, { "id" : 35, "name" : "Comedy" } ], "id" : 99770, "original_language" : "fr", "original_title" : "Astérix & Obélix - Au service de Sa Majesté", "popularity" : 9.722726, "production_companies" : [ { "name" : "France 2 Cinéma", "id" : 83 }, { "name" : "France 3 Cinéma", "id" : 591 }, { "name" : "Lucky Red", "id" : 779 }, { "name" : "Wild Bunch", "id" : 856 }, { "name" : "Octagon Films", "id" : 1266 }, { "name" : "Fidélité Films", "id" : 2927 }, { "name" : "France Télévision", "id" : 7454 }, { "name" : "Morena Films", "id" : 10031 }, { "name" : "Scope Pictures", "id" : 11199 }, { "name" : "Orange Cinéma Séries", "id" : 11620 }, { "name" : "Région Wallone", "id" : 11920 }, { "name" : "Cinetotal", "id" : 13170 }, { "name" : "Les Editions Albert René", "id" : 20409 }, { "name" : "Saint Sébastien Froissart", "id" : 32328 }, { "name" : "Stunt Bros", "id" : 50093 }, { "name" : "Bruxelles Capitale", "id" : 72497 } ], "revenue" : 0, "runtime" : 110, "spoken_languages" : [ { "iso_639_1" : "fr", "name" : "Français" } ], "status" : "Released", "tagline" : 0, "title" : "Astérix and Obélix: God Save Britannia", "video" : "False", "vote_average" : 4.9, "vote_count" : 326, "releasedate" : { "$date" : "2012-11-30T00:00:00.000+0000" } }
{ "_id" : { "$oid" : "60bb8290b375e2292a8e90d0" }, "adult" : "False", "belongs_to_collection" : 0, "budget" : 0, "genres" : [ { "id" : 53, "name" : "Thriller" }, { "id" : 27, "name" : "Horror" } ], "id" : 49797, "original_language" : "ko", "original_title" : "악마를 보았다", "popularity" : 8.435562, "production_companies" : [ { "name" : "Softbank Ventures", "id" : 10922 }, { "name" : "Showbox/Mediaplex", "id" : 10923 }, { "name" : "Peppermint & Company", "id" : 10924 }, { "name" : "Siz Entertainment", "id" : 10925 } ], "revenue" : 0, "runtime" : 141, "spoken_languages" : [ { "iso_639_1" : "ko", "name" : "한국어/조선말" } ], "status" : "Released", "tagline" : "Abandon all compassion.", "title" : "I Saw the Devil", "video" : "False", "vote_average" : 7.6, "vote_count" : 534, "releasedate" : { "$date" : "2011-10-21T00:00:00.000+0000" } }
{ "_id" : { "$oid" : "60bb8290b375e2292a8e9252" }, "adult" : "False", "belongs_to_collection" : 0, "budget" : 37000000, "genres" : [ { "id" : 14, "name" : "Fantasy" }, { "id" : 16, "name" : "Animation" }, { "id" : 10751, "name" : "Family" } ], "id" : 51739, "original_language" : "ja", "original_title" : "借りぐらしのアリエッティ", "popularity" : 8.636052, "production_companies" : [ { "name" : "Studio Ghibli", "id" : 10342 }, { "name" : "Buena Vista Home Entertainment", "id" : 11200 }, { "name" : "Hakuhodo DY Media Partners", "id" : 11846 }, { "name" : "Mitsubishi Shoji", "id" : 20191 }, { "name" : "Nippon Television Network (NTV)", "id" : 20192 }, { "name" : "Walt Disney Company", "id" : 20193 } ], "revenue" : 145570827, "runtime" : 94, "spoken_languages" : [ { "iso_639_1" : "ja", "name" : "日本語" } ], "status" : "Released", "tagline" : "Do not be seen by humans. That's been the law of children of the underfloor.", "title" : "The Secret World of Arrietty", "video" : "False", "vote_average" : 7.4, "vote_count" : 701, "releasedate" : { "$date" : "2011-09-16T00:00:00.000+0000" } }
{ "_id" : { "$oid" : "60bb8290b375e2292a8e9c5e" }, "adult" : "False", "belongs_to_collection" : { "id" : 119581, "name" : "Elite Squad Collection", "backdrop_path" : "/nNUFlXdj8JIV6HnjVS58r0qCvE7.jpg" }, "budget" : 0, "genres" : [ { "id" : 18, "name" : "Drama" }, { "id" : 28, "name" : "Action" }, { "id" : 80, "name" : "Crime" } ], "id" : 47931, "original_language" : "pt", "original_title" : "Tropa de Elite 2", "popularity" : 12.334357, "production_companies" : [ { "name" : "Zazen Produções", "id" : 2427 }, { "name" : "Globo filmes", "id" : 10954 }, { "name" : "Riofilme", "id" : 21454 }, { "name" : "Feijão Filmes", "id" : 47044 } ], "revenue" : 63027681, "runtime" : 115, "spoken_languages" : [ { "iso_639_1" : "pt", "name" : "Português" } ], "status" : "Released", "tagline" : "The masterminds of the organized crime in Rio", "title" : "Elite Squad: The Enemy Within", "video" : "False", "vote_average" : 7.5, "vote_count" : 477, "releasedate" : { "$date" : "2010-10-08T00:00:00.000+0000" } }
{ "_id" : { "$oid" : "60bb8290b375e2292a8e9fef" }, "adult" : "False", "belongs_to_collection" : 0, "budget" : 7400000, "genres" : [ { "id" : 18, "name" : "Drama" }, { "id" : 878, "name" : "Science Fiction" } ], "id" : 62215, "original_language" : "da", "original_title" : "Melancholia", "popularity" : 8.124767, "production_companies" : "[{'name': 'Zentropa Entertainments', 'id': 76}, {'name': 'Det Danske Filminstitut', 'id': 118}, {'name': 'Danmarks Radio (DR)', 'id': 119}, {'name': 'Memfis Film', 'id': 321}, {'name': 'Eurimages', 'id': 850}, {'name': 'Sveriges Television (SVT)', 'id': 3221}, {'name': 'Canal+', 'id': 5358}, {'name': 'CinéCinéma', 'id': 6301}, {'name': 'Slot Machine', 'id': 7777}, {'name': 'Zentropa International Sweden', 'id': 8288}, {'name': 'Zentropa International Köln', 'id': 8289}, {'name': 'Liberator Productions', 'id': 11239}, {'name': 'Swedish Film Institute', 'id': 14804}, {'name': \"Centre National du Cinéma et de L'image Animée (CNC)\", 'id': 17298}, {'name': 'Film i Väst', 'id': 17513}, {'name': 'Filmstiftung Nordrhein-Westfalen', 'id': 27897}, {'name': 'Legion Entertainment', 'id': 38069}, {'name': 'Edition Video', 'id': 38071}, {'name': 'Nordisk Film Distribution', 'id': 38072}]", "revenue" : 21817298, "runtime" : 136, "spoken_languages" : [ { "iso_639_1" : "en", "name" : "English" } ], "status" : "Released", "tagline" : "Enjoy it while it lasts", "title" : "Melancholia", "video" : "False", "vote_average" : 7, "vote_count" : 915, "releasedate" : { "$date" : "2011-11-04T00:00:00.000+0000" } }
{ "_id" : { "$oid" : "60bb8283b375e2292a8d83ad" }, "adult" : "False", "belongs_to_collection" : 0, "budget" : 0, "genres" : [ { "id" : 14, "name" : "Fantasy" }, { "id" : 27, "name" : "Horror" } ], "id" : 653, "original_language" : "de", "original_title" : "Nosferatu, eine Symphonie des Grauens", "popularity" : 7.435873, "production_companies" : [ { "name" : "Jofa Atelier", "id" : 1959 }, { "name" : "Prana-Film GmbH", "id" : 1960 } ], "revenue" : 0, "runtime" : 94, "spoken_languages" : 0, "status" : "Released", "tagline" : "A symphony of horror", "title" : "Nosferatu", "video" : "False", "vote_average" : 7.7, "vote_count" : 373, "releasedate" : { "$date" : "1931-11-23T00:00:00.000+0000" } }
